3874 5010
637 305 1143 386 .......23........

202 533 370 612 estPiato
383 531 440 606 'ibi
462 527 604 605 artificio
627 529 866 622 callidissimo,
896 551 962 626 quo
986 527 1089 603 veluti
1109 551 1173 628 per
1191 535 1391 604 transemas
1415 527 1575 624 ostendit,

203 667 283 767 qaid
299 666 346 740 de.
355 663 581 764 disputatione
593 661 733 738 Socrati
747 663 873 737 tributa
888 660 1097 737 sentiendum
1114 662 1170 737 sit·
1209 661 1274 736 Gai
1289 689 1390 763 quum
1403 689 1471 738 non
1487 687 1577 762 pano
1611 671 1624 678 ”

203 825 245 874 ca
261 797 494 897 assignaverit,
516 821 602 894 quae
614 821 657 871 ex
671 796 843 872 doctrinae
856 763 1102 892 Pythagoricae
1117 795 1265 870 lontibus
1281 796 1383 870 ducta
1394 805 1495 890 sunt,
1515 794 1593 870 illo.

98 984 102 998 .
203 933 276 1008 loeo
292 932 359 1006 sibi
375 931 566 1006 laciendum
582 931 712 1030 putarit
721 981 734 1024 ,
766 938 805 1004 nt
821 954 862 1004 ea
877 929 991 1028 aliquo
1006 928 1103 1002 modo
1121 927 1328 1026 signiticaret
1344 955 1409 1004 non
1425 931 1493 1004 iam
1509 929 1593 1028 ipsi.

203 1063 347 1142 Socrate
362 1065 633 1162 cognitafuisse,
653 1062 749 1157 seda
764 1071 872 1136 semet
884 1063 960 1162 ipso
976 1061 1055 1137 inde
1070 1062 1216 1162 repetita
1231 1087 1309 1136 esse
1325 1071 1360 1138 et
1376 1085 1437 1162 por
1451 1061 1589 1159 dialogi,

203 1199 486 1298 opportunitatem
509 1197 589 1272 huic
609 1197 771 1296 ascripta.
827 1197 924 1291 Quae
944 1196 1021 1296 ipsa
1044 1221 1168 1274 caussa
1187 1221 1263 1282 eum
1282 1196 1383 1270 etiam
1402 1194 1579 1294 impulisse
1589 1229 1600 1270 :-¹

204 1331 355 1424 ridetur,
372 1338 427 1405 ut
453 1355 519 1404 non
544 1330 639 1406 modo
656 1327 833 1404 Simmiam
859 1337 893 1404 et
911 1328 1092 1423 Cebetem,
1122 1337 1239 1428 utpote
1262 1329 1305 1403 ad
1328 1327 1589 1430 percipiendamz

203 1463 338 1550 illorum
353 1463 560 1538 inventorum
576 1463 794 1538 subtilitatem
812 1463 898 1536 satis
913 1463 1101 1558 institutos,
1131 1488 1207 1538 cum
1222 1461 1366 1539 Sacrata
1382 1464 1581 1562 colloquen-

204 1605 257 1670 tes
284 1595 474 1692 induxerit,
509 1599 568 1672 sed
596 1599 696 1673 etiam
712 1597 941 1672 ‘Echecratem
968 1598 1158 1672 Phliasium
1184 1598 1306 1673 iecerit
1330 1623 1374 1672 ex
1397 1597 1583 1672 Phaedone

205 1739 440 1828 quaerentem,
470 1731 626 1826 quidnam
641 1731 706 1824 sit,
738 1731 825 1830 qnod
842 1731 890 1805 vir
905 1732 1177 1830 sapientissimus
1194 1732 1311 1806 ultimo
1329 1732 1416 1806 vitae
1434 1731 1489 1806 die
1506 1755 1583 1805 cnm

205 1863 323 1938 amieis
340 1873 374 1938 et
390 1865 615 1938 familiaribus
631 1865 677 1937 sit
694 1865 893 1940 collocutos.
951 1865 1041 1939 Nam
1055 1865 1209 1940 Phliunti
1223 1865 1299 1938 urbi
1316 1891 1390 1939 cum
1407 1865 1583 1962 Pythago·

204 1996 273 2068 reis
300 1997 427 2094 aliquid
450 1997 644 2072 intercessit
663 1997 922 2072 necessitudinis
947 2001 1001 2074 rel
1023 1998 1099 2072 ideo
1106 2051 1129 2093 ,.
1150 1999 1229 2098 quia
1248 2007 1339 2073 toste
1356 1997 1583 2072 Pausania

204 2127 258 2202 Il.
297 2129 364 2202 14.
391 2129 603 2227 Pythagorae
635 2154 780 2228 proaem
802 2131 999 2230 Hippasus,
1029 2133 1204 2208 Phliasius
1214 2183 1231 2227 ,
1255 2131 1417 2207 Phliunte
1439 2129 1583 2206 Samum

205 2260 419 2358 migraverat.
436 2261 786 2360 r.Wyttenbaoh.
803 2265 848 2338 ad
863 2265 1037 2375 Phaedon.
1055 2292 1090 2366 p.
1114 2267 1210 2340 112.
1227 2268 1389 2342 2123.
1408 2266 1462 2340 ed.
1478 2265 1582 2363 Lips.

170 2401 176 2410 '
203 2393 329 2492 Itaque
346 2401 497 2493 apertum
513 2403 587 2489 est,
613 2395 723 2469 locum
739 2397 932 2474 Phaedonis
952 2401 1146 2498 neutiquam
1161 2423 1201 2474 eo
1219 2401 1352 2492 valere,
1385 2407 1424 2472 ut
1440 2397 1579 2496 sapien·

204 2525 286 2600 ham
302 2527 586 2624 Pythagoreorum
600 2529 667 2604 iarn
683 2538 762 2604 ante
777 2529 933 2606 Socratm
948 2519 1076 2606 obitum
1090 2531 1236 2606 Athenis
1252 2531 1456 2629 divulgatam
1473 2530 1592 2604 tusae

204 2661 428 2757 probabiliter
442 2662 610 2761 suspicari
623 2663 737 2738 liceat.
790 2665 870 2739 Imo-
878 2667 991 2765 potius
1006 2665 1071 2742 lide
1090 2666 1193 2764 digua
1206 2675 1287 2740 sunt
1297 2663 1475 2740 Ciceronis
1490 2663 1582 2737 alio·

204 2815 344 2887 rumque
360 2795 565 2888 testimonia,
581 2796 890 2892 quibusPlatonem
906 2800 1039 2896 qnidam
1054 2799 1318 2897 posteademum
1330 2823 1391 2892 per
1402 2797 1535 2868 itineris
1546 2794 1583 2866 in
1710 2780 1711 2784 ¹

205 2920 342 2994 Italiam
358 2946 400 2995 uc
415 2919 571 2996 Siciliam
595 2929 745 3019 suscepti
767 2929 1049 3022 opportunitatem
1072 2927 1313 3000 accuratiorem
1333 2926 1407 2998 eius
1429 2924 1583 2998 notitiam

208 3053 382 3152 accepisse
404 3052 593 3127 elemosinae
612 3052 800 3128 edocemur.
837 3055 935 3149 Quod
949 3059 983 3132 oi
995 3081 1108 3133 oerum
1123 3067 1190 3152 est,
1206 3083 1289 3131 noro
1302 3058 1370 3130 iam
1385 3062 1581 3153 argumento

207 3186 388 3280 constabit,
417 3186 497 3284 quid
511 3185 553 3259 de
567 3195 731 3286 temporo,
756 3189 791 3262 in
806 3189 892 3287 quod
907 3190 1032 3281 eadam
1044 3191 1193 3266 Phaedri
1205 3191 1366 3288 origines,
1394 3187 1583 3264 existimari

207 3326 374 3414 oporteat.
420 3319 459 3392 Is
484 3319 573 3392 enim
595 3318 682 3394 liber
703 3345 805 3419 quum
826 3347 892 3396 non
913 3345 1022 3422 pauca
1044 3324 1193 3418 babeat,
1218 3348 1305 3421 quae
1322 3323 1423 3398 docta
1441 3330 1521 3397 sunt
1539 3346 1590 3395 ex.

206 3448 452 3546 Pythagoricae
467 3451 687 3552 inprimisque
702 3455 914 3530 Philolaioae
929 3457 1117 3556 sapientiae
1129 3442 1293 3548 lontibus,
1320 3479 1387 3530 non
1403 3453 1500 3530 modo
1515 3479 1591 3528 non.

207 3579 387 3655 aPlatone
410 3584 466 3656 vix
489 3585 607 3681 viginti
624 3612 784 3662 annornm
809 3589 929 3662 iuvene
949 3575 1096 3689 scriptus
1113 3597 1179 3684 ent,
1212 3588 1272 3664 sed
1288 3611 1352 3664 nec
1375 3589 1486 3688 potuit
1504 3597 1584 3660 anto

207 3711 344 3810 Olymp.
366 3713 523 3794 XCVII.
546 3719 586 3791 4.
612 3745 678 3817 quo
699 3729 849 3820 tempore
871 3723 1090 3822 philosophus
1113 3723 1256 3822 primum
1277 3721 1344 3796 iter
1365 3721 1403 3797 in
1426 3718 1584 3794 Siciliam

208 3845 372 3943 suscepit,
400 3845 524 3922 litteris
540 3853 743 3949 consignari.
785 3857 896 3948 Quam
910 3855 1042 3954 quidem
1058 3856 1221 3930 rationem
1238 3854 1374 3930 adiurat
1389 3879 1430 3928 ac
1445 3861 1585 3927 susten·
1721 3865 1725 3876 ·

208 3986 259 4052 tat
274 3979 376 4053 etiam
389 3979 494 4074 illud,
521 3984 611 4080 quod
638 3986 692 4060 bis
716 3989 752 4061 in
781 4009 822 4062 eo
840 3988 993 4062 iniioitnr
1016 3987 1140 4062 mentio
1159 4011 1270 4062 reram
1286 3987 1588 4086 Aegyptiacorum,

209 4111 474 4211 quandoquidem
491 4139 526 4213 p.
544 4117 641 4194 274.
656 4117 884 4216 im'l'hamns,
900 4145 962 4198 rex
979 4121 1139 4220 Aegypti,
1154 4129 1442 4215 commemoratur,
1463 4117 1585 4214 dequo
