3874 5010
616 349 1120 432 *25*-

180 581 272 652 certo
296 567 505 671 exploratum
528 567 689 661 babetur.
715 563 847 664 quaudo
869 564 1098 664 philosophiae
1119 565 1157 640 in
1180 565 1366 644 Academia
1391 571 1560 652 docendae

177 705 380 807 prouinciam
396 704 433 776 in
449 728 486 778 se
504 700 704 798 susceperit.
757 699 966 795 Quamquam
984 723 1047 772 nos
1061 699 1091 772 si
1106 700 1185 797 quid
1202 701 1350 776 indicare
1368 727 1558 802 possumus,

10 834 16 845 ’
178 837 292 912 madon
312 843 390 935 post
411 836 555 909 reditum
577 833 615 906 in
635 831 777 930 patrium
797 830 833 904 id
854 830 896 904 ab
912 853 952 906 eo
975 831 1103 906 luctum
1120 832 1271 926 ridetur,
1298 839 1357 906 unt
1376 836 1493 911 saltem
1508 841 1560 916 rei

177 969 353 1046 consilium
375 969 440 1043 boc
468 975 618 1064 ternpore
642 971 789 1062 ceptum.
842 961 931 1038 Nam
960 963 1101 1060 primum
1122 964 1254 1062 quidem
1277 963 1495 1042 Eusebius
1523 971 1559 1044 in

177 1099 345 1177 Chronico
360 1102 468 1198 ipsum
482 1099 600 1172 scribit
608 1095 744 1194 Olyoup.
755 1093 914 1170 XCVII.
922 1099 959 1168 4.
969 1119 1029 1192 pro
1043 1096 1238 1192 pbilosopbo
1254 1099 1391 1193 agnosci
1405 1109 1559 1197 coeptum

175 1257 269 1325 eeee;
294 1231 593 1331 deprendendas
610 1228 845 1303 estGlinton
858 1227 987 1302 Tubul.
1004 1225 1164 1302 Gbrouol.
1177 1253 1212 1326 p.
1232 1233 1317 1304 107.
1333 1231 1387 1306 ed.
1404 1231 1556 1329 Kriiger.

177 1366 277 1460 Quod
298 1364 516 1462 probabiliter
538 1387 619 1437 eune
640 1360 796 1436 retuleris
820 1360 862 1434 ad
887 1360 971 1434 illud
997 1367 1151 1458 tempus,
1184 1387 1249 1460 quo
1272 1362 1427 1438 Athenas
1450 1367 1558 1440 redux

174 1497 284 1571 lactus
306 1497 459 1572 doctriua
473 1503 509 1570 et
529 1495 716 1570 emolitione
741 1517 804 1566 suu
820 1493 926 1589 magis
947 1493 1172 1568 inclarescere
1182 1496 1293 1593 coepit
1307 1504 1407 1593 atque
1433 1497 1556 1572 sobolis

174 1628 335 1704 iubendis
354 1629 482 1720 ciuibus
504 1629 574 1702 suis
596 1628 778 1727 petalecit,
805 1649 979 1724 quousque
999 1625 1036 1698 iu
1051 1627 1223 1700 condenda
1243 1628 1429 1724 sapientiae
1451 1630 1558 1704 disci-

173 1761 266 1858 pline
281 1753 512 1858 processisset.
564 1762 735 1855 Quocirca
749 1759 827 1832 inde
843 1759 885 1832 ab
901 1759 959 1831 illo
972 1759 1046 1854 ipso
1059 1765 1221 1855 tompore,
1239 1761 1394 1856 quoniam
1408 1786 1475 1836 uon
1489 1763 1557 1836 iem

174 1894 316 1991 emplius
331 1892 485 1968 Socratis
507 1894 623 1989 legero
640 1892 782 1988 uestigio
796 1891 887 1964 visne
909 1897 982 1984 eat,
1008 1889 1124 1964 baberi
1137 1891 1248 1988 coepit
1269 1915 1329 1988 pro
1346 1893 1556 1990 philosopho,

174 2155 251 2231 aliis
278 2156 522 2232 communicare
550 2155 766 2230 instituisset.
816 2152 951 2228 Deinde
983 2153 1072 2250 apud
1102 2153 1283 2253 Diogen.
1305 2154 1456 2230 Lairt.
1480 2157 1555 2234 111.

175 2289 239 2361 20.
273 2296 430 2361 nmratur
456 2281 655 2363 Anniceriuu
687 2286 850 2386 pecuniae
879 2309 1064 2380 summam,
1103 2311 1169 2384 que
1201 2311 1276 2362 eum
1310 2313 1331 2361 a
1359 2289 1554 2386 captivitate

172 2417 390 2512 redemisset,
432 2443 531 2517 quum
554 2419 621 2492 sibi
642 2421 772 2492 reddite
795 2426 906 2510 esset,
945 2441 1108 2512 generose
1132 2419 1170 2492 iu
1191 2418 1228 2491 id
1248 2419 1473 2516 impendisse,
1516 2429 1556 2496 ot

172 2551 381 2624 Academiae
406 2551 556 2624 hortulos
577 2559 722 2645 emeret,
753 2550 930 2646 inquibus
952 2549 1129 2622 Platonem
1145 2550 1292 2646 primurn
1312 2550 1555 2648 pbilosopbiam

172 2682 351 2756 tradidisse
372 2692 576 2781 compertum
598 2684 778 2773 babemur3
804 2681 846 2754 de
869 2704 935 2778 quo
957 2705 994 2754 re
1014 2681 1110 2778 legas
1135 2680 1235 2754 etiam
1250 2679 1388 2780 niog.
1402 2680 1553 2762 La'e’rt.
1585 2657 1588 2666 ἕ

171 2810 245 2884 ΠΙ.
267 2818 305 2884 9.
320 2813 530 2892 ἐπανελθὼν
547 2821 589 2893 dd
599 2825 655 2912 ,εἰς
665 2812 829 2918 Ἀθήνας
844 2817 1019 2914 διέτριβεν
1032 2819 1072 2890 ἐν
1085 2811 1296 2912 Ἀκαδημίᾳ,
1312 2840 1341 2890 κ.
1355 2819 1426 2890 nl.
1453 2815 1554 2907 Quod
1577 2795 1579 2804 Ι

171 2943 247 3040 quis
262 2950 313 3018 est
335 2945 392 3042 qni
415 2946 481 3018 sibi
499 2950 701 3044 persuadeat
720 2947 873 3042 longiore
893 2945 1025 3018 demum
1047 2952 1198 3040 tempore
1217 2951 1299 3040 post
1311 2944 1466 3016 Platonis
1489 2945 1553 3016 ods-

170 3081 304 3150 uenturn
321 3076 436 3172 clupeo
448 3076 496 3148 ita
509 3076 633 3150 lactum
648 3075 757 3153 essai
792 3075 949 3172 Denique
965 3073 1340 3148 etiamPlntarobus
1354 3073 1428 3146 Vit.
1443 3073 1550 3150 Dion.

168 3227 204 3280 e.
225 3205 362 3280 XVII.
384 3207 568 3281 audiendus
593 3216 667 3304 est,
700 3233 765 3308 qno
792 3211 868 3284 loeo
887 3206 1104 3306 pbilosopbus
1124 3213 1281 3280 namatur
1302 3213 1380 3302 poet
1405 3205 1552 3280 reditum

170 3359 215 3412 ex
238 3335 360 3417 Sicilie
376 3337 524 3429 Diouem
549 3341 639 3438 apud
660 3345 704 3414 se'
720 3343 758 3416 in
774 3339 960 3416 Academia
984 3337 1168 3412 detinuisse
1192 3345 1227 3412 et
1252 3338 1294 3412 ad
1320 3337 1549 3435 pbilosopbiee

169 3468 316 3542 etodium
333 3472 553 3546 conuertisse.
578 3470 709 3547 Scribit
722 3474 810 3548 euim
824 3474 926 3548 bacca
947 3466 1043 3548 ταῦτ’
1063 3470 1232 3572 ἐπειρᾶτο
1247 3482 1365 3547 ποιεῖν
1379 3467 1550 3560 Πλάτων,

169 3601 231 3706 ηαξ
244 3602 365 3678 Δίωνα
379 3609 514 3705 τρέψας
526 3613 578 3697 εἰς
588 3609 803 3709 φιλοσοφίαν
814 3612 853 3682 ἐν
864 3601 1062 3705 Ἀκαδημίᾳ
1076 3613 1241 3700 συνεῖχον.
1291 3603 1459 3696 Quocirca
1471 3627 1550 3678 cer·

169 3739 239 3820 uun
255 3739 292 3806 et
304 3734 600 3829 exploratam-eom,
612 3745 780 3834 putemus,
795 3738 974 3813 Platonem
988 3737 1099 3810 statim
1114 3737 1342 3833 postroditum
1356 3735 1390 3808 in
1407 3735 1549 3832 petrinus

168 3863 205 3941 id
220 3865 369 3961 agitasse
386 3867 530 3963 consilii,
544 3878 678 3967 atquae
690 3871 726 3943 in
740 3871 915 3944 itineribus
927 3871 1000 3944 suis
1016 3869 1207 3966 collegisset
1221 3868 1405 3965 supientiae
1419 3868 1546 3962 copias,

140 4015 147 4020 ·
169 4019 228 4070 eas
248 3996 285 4068 iu
303 3995 427 4072 sobolis
449 4001 634 4097 explicaret
655 4011 691 4076 et
708 4026 782 4076 curu
796 4002 985 4075 bominibus
997 4003 1226 4100 pbilosopbieo
1245 3998 1435 4078 memfibos
1451 4021 1547 4070 oom-

167 4129 366 4206 ununicaret.
417 4129 606 4232 Haeuipeo
621 4157 698 4208 reru
718 4141 868 4230 tempera
888 4133 1089 4209 arbibamur
1104 4143 1213 4228 esee,'
1233 4132 1352 4232 quibus
1369 4128 1544 4204 Phaedrus

167 4261 209 4336 ub
232 4285 272 4338 eo
292 4262 414 4336 litteris
427 4263 609 4340 ‚mandatus
631 4265 697 4357 sit3
717 4265 856 4365 eiusque
878 4267 1065 4342 sententiae
1089 4276 1245 4360 nostrae,
1271 4284 1379 4360 nuper
1400 4262 1501 4338 etium
1523 4287 1543 4338 u

1123 4399 1158 4472 D
