3874 5010
642 324 1148 409 ...m-20*

199 545 242 620 ie
254 543 300 618 iis
310 539 475 620 esut‘mnu
487 543 639 622 uteretur
654 538 824 632 oratioue,
840 540 1051 619 'tamen'itera
1069 540 1364 638 disceptationibus
1378 541 1591 620 familiarium

203 679 299 757 bens
312 674 575 765 mederetur,
600 671 845 768 iispnametam
860 673 960 748 istam
975 681 1010 747 at
1024 673 1066 748 ad
1082 674 1485 756 omniaountioeseentem
1501 677 1590 751 seri·

202 816 338 906 plorum
357 806 516 882 lihrernm
536 803 732 902 sapientiam
752 805 958 900 opposuerit.
997 801 1070 883 Sed
1088 814 1261 902 praeterea
1279 805 1378 884 etiam
1401 807 1491 882 aliud
1509 807 1589 904 qnid

204 947 277 1032 eet,
299 937 387 1010 nude
407 939 524 1015 iudioii
542 937 633 1010 illius
650 936 813 1010 rationem
830 937 1021 1032 perspicere
1037 938 1153 1014 licoat.
1203 937 1350 1018 Videtur
1363 937 1456 1024 ¹enim
1473 935 1588 1031 Plato,

205 1071 358 1170 quamris
380 1072 517 1146 omnino
538 1067 705 1148 seribendi
728 1067 792 1140 arti
815 1068 922 1142 minus
944 1071 1091 1163 trihnat,
1118 1078 1227 1147 tamen
1243 1069 1321 1144 data
1341 1069 1589 1166 opportunitate

204 1202 394 1302 signifieare
417 1203 584 1294 uoluisse,
611 1223 672 1274 our
690 1215 786 1272 nsum
803 1198 1031 1296 dialogorum,
1058 1199 1244 1282 asnorum
1256 1201 1387 1286 seilicet
1400 1207 1587 1296 aoeeptnm,

202 1362 309 1436 neque
324 1334 524 1412 servavisset
532 1326 573 1408 ¹et
588 1333 623 1406 in
640 1331 775 1428 seriptis
790 1331 861 1404 suis
875 1333 1080 1409 retinuisset.
1131 1331 1200 1406 Est
1215 1333 1303 1408 enim
1318 1333 1471 1430 dialogus
1485 1333 1588 1406 fami-

201 1472 297 1546 liaris
319 1466 482 1544 sermonis
503 1437 599 1563 qnasi
619 1457 781 1562 quaedam
801 1464 963 1561 imitatio,
989 1465 1038 1538 ita
1058 1471 1097 1538 nt
1117 1465 1268 1564 proxime
1292 1465 1334 1538 ad
1355 1463 1446 1540 illius
1467 1465 1585 1542 landes

199 1603 408 1698 mutesque
433 1598 594 1674 eeeedme
618 1595 858 1682 existimandus
880 1599 939 1672 sit.
989 1597 1111 1674 Refert
1133 1597 1220 1673 anim
1242 1597 1300 1682 ille
1325 1621 1422 1693 qnam
1443 1596 1587 1672 maxime

195 1735 345 1808 nativam
366 1733 465 1804 istam
488 1752 744 1826 germanamque
764 1729 993 1823 diuleetiearn,
1015 1755 1081 1827 qua
1100 1731 1136 1802 in
1155 1729 1274 1802 animis
1293 1729 1461 1816 hominnm
1485 1728 1587 1802 siouti

194 1874 254 1942 eet
268 1867 304 1939 in
317 1863 474 1939 Phaedro
488 1887 523 1958 p.
538 1863 626 1934 276.
643 1860 751 1956 pelori
766 1861 1000 1958 sapientesque
1016 1885 1186 1944 sermones
1199 1864 1438 1954 inscribuntur,
1463 1860 1585 1932 hahet·

199 2023 265 2096 pue
286 2021 361 2072 enm
385 1995 459 2068 vira
483 1990 706 2087 disputatione
722 1997 822 2067 «tanto
843 1993 1002 2078 maiorem
1024 1995 1257 2092 eognationeru
1273 2002 1307 2073 et
1324 1993 1584 2084 similitudinem,

195 2129 290 2227 ‚qnod
310 2128 385 2224 ipso
399 2126 544 2200 Platone
565 2122 676 2196 indiae
693 2120 848 2220 Sophist.
862 2149 897 2221 p.
915 2129 1002 2200 263.
1018 2123 1067 2200 Ε.
1087 2127 1188 2200 etiem
1211 2127 1369 2223 ‚cegitatio
1390 2125 1473 2212 niltl
1493 2121 1584 2198 aliud

196 2268 276 2354 ost,
299 2282 398 2357 quam
414 2257 516 2330 animi
532 2278 645 2330 seeum
658 2254 732 2351 ipsu
746 2255 835 2330 intes
849 2281 924 2330 eum
938 2259 1072 2342 silentio
1086 2260 1302 2355 eolloqnium.
1338 2257 1459 2354 Itaque
1473 2255 1584 2353 phile·

188 2392 326 2489 sophus
351 2413 451 2487 quom
473 2386 631 2461 iedioinuu
653 2389 736 2462 illud
759 2391 963 2490 expromit,
990 2390 1090 2465 simul
1110 2391 1209 2466 etiam
1223 2376 1335 2466 'volut
1356 2411 1519 2476 ereatura
1542 2407 1584 2459 ao

195 2523 380 2598 defendere
403 2520 610 2616 dialogorum
633 2543 768 2604 suornm
790 2521 968 2604 rationem.
1022 2521 1230 2618 Quamquam
1246 2521 1330 2604 suite
1347 2522 1584 2617 eleganterque

183 2655 299 2732 -einuul
320 2654 421 2728 etiam
443 2651 527 2726 illud
549 2651 771 2749 significauit,
797 2677 840 2728 na
855 2651 917 2726 hos
930 2652 1061 2749 quidem
1079 2654 1173 2728 vivae
1187 2654 1255 2728 oris
1269 2652 1471 2735 institutioni
1482 2650 1581 2748 plane

185 2785 462 2883 ..mquiparunoos
488 2807 578 2860 esse.
639 2784 738 2877 Quod
758 2785 868 2882 ipsum
887 2809 1030 2883 quanam
1052 2788 1186 2863 tandem
1212 2788 1279 2862 alio
1300 2795 1449 2881 tempere
1473 2781 1583 2880 potnit

190 2917 420 3016 opportunius
435 2915 628 3006 demanare,
653 2933 752 3011 quarn
768 2939 833 3011 qno
847 2916 979 2991 seholas
993 2920 1145 3014 aperuit,
1164 2919 1284 3014 quihus
1299 2917 1471 2991 audientes
1487 2914 1580 2986 inte-

191 3049 342 3127 rioribus
355 3043 584 3144 philosophiae
597 3042 1264 3140 saerisinitiarentnri,Quemadmodum
1277 3045 1579 3144 igitnrdiuinarum

191 3205 309 3258 uerum
334 3177 438 3253 amori
459 3199 554 3251 amor
577 3175 745 3272 uulgaris,
770 3185 871 3276 atque
890 3179 1279 3276 germanaedieleetieae
1298 3185 1332 3252 et
1350 3176 1579 3274 philosophiae

190 3311 337 3390 fasitate,
353 3308 531 3389 dieleetiuu
556 3305 754 3404 opponitur,
789 3309 839 3384 ita
861 3316 900 3389 ut
920 3308 1211 3414 illiderooaajppo,
1242 3311 1321 3386 heio
1341 3315 1454 3387 autem
1476 3333 1576 3389 auem

192 3437 333 3532 ι(ἲῦξαν,
358 3442 593 3537 ΨΜ.
615 3440 820 3537 propositam
846 3468 931 3520 esee
943 3452 1125 3542 appareat,
1145 3445 1197 3519 ita
1211 3444 1311 3520 etiam
1327 3443 1421 3524 rinae
1438 3443 1505 3514 oris
1519 3442 1578 3512 in-

193 3571 365 3650 stitutioni
382 3572 426 3644 ad
449 3573 633 3668 sapientiae
652 3573 797 3650 studium
818 3583 1029 3674 eomparatea
1048 3577 1209 3652 librorum
1229 3577 1479 3658 scribendorum
1500 3580 1578 3658 sem
1688 3617 1689 3621 =
1731 3680 1733 3686 ,

190 3705 311 3798 odium,
337 3705 446 3784 etiam.
458 3711 528 3778 tum
542 3705 715 3781 admodum
731 3709 958 3805 peruulgatam
971 3749 1023 3778 .-···
1037 3717 1129 3788 eerte
1142 3711 1301 3787 librorum
1317 3707 1493 3790 leotionern
1510 3705 1579 3778 rui-¹

186 3857 272 3916 :rum
287 3843 445 3935 quntum
461 3836 663 3913 eelehratam
678 3838 784 3915 tuisse
799 3848 993 3922 onasus-
1007 3865 1026 3916 e
1041 3842 1179 3938 regione
1189 3841 1345 3937 ponitur,
1365 3841 1415 3919 ita
1429 3837 1575 3935 quidem,

181 3974 235 4042 ut
255 3967 316 4050 'ullu
335 3967 466 4072 demum
485 3969 689 4050 seinaim
715 3969 855 4052 difluere.
871 3973 1273 4067 posse.iudieetur,..noo
1301 3979 1416 4049 antem
1447 3968 1577 4042 dieatur

187 4089 532 4204 Μθηῐωῖέσθφίας·
549 4098 671 4190 etheo,
684 4101 900 4198 ingessisse,
919 4103 1078 4202 adeoque
1089 4104 1238 4184 homiues
1251 4098 1478 4202 dotuodpouu
1493 4095 1576 4177 duat

183 4235 315 4336 nepte
335 4233 494 4329 reddere,
516 4233 620 4310 sieuti
631 4233 945 4330 legiruus,p.,'2·ld.
961 4239 1009 4312 n.
1019 4240 1165 4338 epqaopui
1182 4245 1278 4320 totus.
1291 4236 1386 4320 leons
1400 4232 1442 4316 de
1457 4231 1521 4308 hae
1536 4255 1573 4305 re
