3874 5010
651 406 805 418 ......-
878 353 1156 434 13·........

207 580 299 657 ‚lueis
324 575 548 654 transfundat.
599 572 673 649 Sed
689 573 865 646 redeamus
885 567 1063 667 aliquando
1081 567 1123 642 ad
1137 551 1195 662 id,
1220 561 1309 642 unde
1331 567 1514 666 paullisper
1536 565 1591 641 di·

212 714 323 814 gnesri
338 735 464 786 snmus.
513 707 732 806 ¹Relinquitur
746 705 871 802 igitur,
895 710 934 775 ut
948 709 1008 776 aut
1023 727 1096 775 oum
1114 701 1348 776 Friderioo
1372 701 1499 774 Astio
1514 699 1591 799 ple

211 869 334 944 rosque
354 845 432 918 illos
457 843 582 934 libros,
613 863 696 937 quos
720 861 794 911 oum
817 835 975 908 Phaedro
1003 835 1285 932 eornpararimus,
1317 857 1378 931 pro
1402 832 1525 930 spuriis
1552 855 1592 905 ao

212 977 439 1076 suppositieiis
458 976 660 1066 habeamus,
687 971 809 1068 qnippe
833 969 907 1065 qui,
933 967 1109 1040 Phaedrus
1131 968 1159 1040 si
1184 968 1249 1040 luit
1270 967 1414 1040 iuuenile
1435 963 1590 1038 Platonis

212 1135 317 1209 opus,
345 1105 567 1206 aplrilosopbi
582 1103 733 1176 doetrina
748 1107 783 1174 et
798 1099 983 1172 eruditione
998 1101 1136 1172 multum
1153 1101 1374 1193 abhorreant,
1400 1105 1457 1172 aut
1474 1096 1591 1170 Phae·-

211 1241 307 1316 drum
325 1239 552 1315 existimemus
572 1237 751 1309 aPlatone
769 1257 835 1306 non
854 1233 973 1306 invene
990 1232 1049 1306 sad
1069 1233 1140 1306 viro
1159 1233 1249 1308 laeto
1268 1235 1392 1307 litteris
1410 1227 1592 1327 oonsigna-

212 1381 283 1448 tum
298 1373 387 1446 esse.
412 1370 484 1444 Iam
504 1395 582 1443 rero
596 1369 674 1441 duta
688 1367 822 1464 optione
835 1373 945 1438 utrum
962 1365 1006 1438 sit
1020 1365 1237 1462 probabilius,
1258 1365 1346 1439 baud
1360 1389 1441 1438 sans
1456 1360 1592 1436 difficile

208 1506 306 1579 ‚dieto
326 1509 392 1578 est.
443 1502 531 1577 Nam
547 1501 688 1599 primum
707 1498 838 1596 quidem
858 1499 982 1596 dialogi
996 1499 1067 1593 illi,
1088 1523 1149 1596 per
1169 1523 1206 1572 se
1222 1499 1378 1597 spectati,
1401 1495 1593 1592 neutiquam

211 1635 254 1710 ab'
269 1635 405 1733 ingenio
418 1634 572 1708 Platonis
589 1633 690 1706 alieni
706 1639 805 1725 sunt,
832 1631 1009 1705 dommodo
1026 1632 1294 1724 meminerimus,
1314 1629 1546 1728 pbilosoplrum
1561 1633 1595 1700 et

212 1767 368 1844 Socratis
388 1767 492 1840 luisse
513 1766 732 1863 discipulum,
758 1789 823 1839 neo
843 1765 955 1837 statim
978 1771 1017 1837 ut
1037 1763 1264 1862 philosophari
1286 1769 1442 1862 coeperat
1460 1764 1502 1836 ad
1521 1783 1594 1835 eam

213 1899 363 1974 delatum
378 1923 459 1987 esse
481 1897 653 1971 doetrinae
674 1897 859 1990 rationem,
883 1921 981 1994 quam
1004 1903 1142 1994 postea,
1168 1895 1384 1994 amplioribus
1408 1894 1594 1993 sapientiae

214 2032 321 2128 oopiis
347 2030 515 2122 collectis,
543 2028 691 2102 condidit
713 2038 746 2103 et
769 2029 930 2103 excoluit.
982 2029 1116 2103 Deinde
1131 2029 1232 2102 iidem
1249 2030 1349 2103 etiam
1368 2029 1456 2102 baud
1474 2027 1597 2123 exigua

206 2162 390 2236 ,timeantur
401 2163 611 2259 antiquitatis
624 2161 690 2235 lide
705 2169 740 2236 et
755 2163 953 2235 auctoritate
960 2211 974 2256 ,
1001 2162 1264 2260 quandoquidem
1284 2163 1461 2260 plerosque
1481 2183 1596 2234 omnes

212 2292 367 2368 Platonis
401 2318 476 2367 esse
505 2293 798 2387 Aristotelis,
835 2293 1088 2390 Gioeronis,
1123 2297 1265 2368 aliorum
1298 2295 1497 2391 scriptorum
1529 2290 1596 2363 fido

210 2424 483 2523 dignissimorum
501 2403 700 2500 testimoniis
718 2434 923 2521 compertum
939 2427 1094 2500 habetur.
1145 2425 1290 2500 Aeeedit
1312 2427 1355 2500 ad
1376 2427 1480 2518 haee,
1508 2419 1597 2522 quod

213 2557 407 2632 testimonia
437 2583 553 2632 eornm
581 2559 800 2655 scriptorum,
831 2559 888 2654 qui
915 2557 1107 2632 Phaedrum
1135 2557 1326 2632 indicarunt
1352 2559 1494 2657 primum
1521 2567 1597 2639 'esse

211 2688 359 2766 amnium
375 2691 573 2790 ror-iptorum
587 2689 860 2782 Platonicorum,
882 2687 1058 2763 admodum
1072 2690 1159 2763 leuia
1176 2697 1211 2764 et
1226 2699 1383 2790 suspeota
1400 2699 1499 2786 sunt,
1511 2687 1514 2694 ’
1525 2690 1598 2764 sio·

215 2819 268 2891 nti
282 2821 318 2890 in
332 2823 438 2894 altera
452 2831 548 2918 purte
563 2821 797 2920 disputationis
812 2827 947 2893 nostrae
963 2821 1276 2908 demonstrabimus.
1312 2823 1434 2918 Itaque
1448 2827 1599 2916 praestat

214 2973 300 3024 sans
321 2950 420 3022 aliam
441 2951 528 3026 inire
549 2953 652 3028 uam.
697 2949 787 3025 Nam
805 2950 861 3022 ubi
886 2952 1037 3044 dialogos
1058 2953 1156 3040 illos,
1182 2952 1224 3022 de
1246 2947 1366 3046 quibus
1390 2951 1597 3040 dictumest,

212 3080 466 3156 statuerimusa
482 3081 629 3152 Platone
642 3077 854 3151 adolescente
871 3078 1013 3175 scriptos
1028 3104 1121 3172 esse,
1143 3103 1239 3177 quam
1256 3081 1481 3154 coniecturam
1496 3077 1599 3154 etiam

214 3213 364 3290 narratio
383 3212 444 3284 illa
471 3213 513 3284 de
536 3209 675 3308 Lysidis
700 3207 898 3282 neoitatione
923 3206 1164 3306 quodammodo
1187 3211 1379 3307 oonlirmat,
1405 3207 1596 3287 Phaedrum

217 3347 326 3416 antem
350 3343 573 3439 putaverimus
593 3340 782 3414 maturioris
797 3339 917 3412 aetatis
933 3367 1017 3439 opus
1031 3367 1127 3436 esse,
1156 3367 1270 3417 omnes
1291 3352 1449 3440 protenus
1472 3369 1598 3421 evane-

219 3483 316 3548 sesnt
328 3474 549 3548 dillienltatas
571 3497 612 3547 ao
632 3472 877 3565 dubitationes,
905 3497 990 3570 quae
1005 3475 1152 3572 alioquin
1173 3473 1215 3548 de
1228 3476 1426 3572 scriptorum
1442 3475 1601 3550 Platoni·

217 3627 332 3683 norum
349 3607 539 3694 rationibus
552 3607 725 3679 obtineant
742 3605 841 3702 plane
861 3627 1001 3692 neeesse
1019 3614 1083 3692 est,
1135 3603 1192 3679 Ex
1208 3631 1274 3704 qno
1288 3609 1489 3706 colligimus,
1512 3603 1600 3708 qnod

221 3761 323 3834 snpra
340 3739 592 3831 ountondirous,
616 3744 707 3812 route
723 3736 796 3810 lieri
818 3761 886 3810 non
907 3762 1007 3836 possa
1029 3745 1066 3812 ut
1083 3737 1258 3813 Phaedrus
1282 3741 1442 3815 uiurene
1455 3738 1598 3815 Platone

220 3868 367 3965 seriptus
390 3871 627 3963 existimatur,
658 3871 781 3966 qnippe
803 3870 860 3965 qui
884 3871 1043 3945 maiorem
1071 3872 1193 3944 lrabeat
1218 3885 1331 3946 rerum
1365 3899 1406 3956 ae
1428 3873 1599 3947 doetrinae

219 4001 648 4100 oausaomuuiuemquo
663 4003 746 4074 artis
764 4025 805 4076 ao
822 4003 963 4077 rationis
981 4003 1218 4099 perlectionem
1227 4057 1240 4098 ,
1267 4031 1365 4102 quam
1381 4014 1419 4079 ut
1432 4013 1509 4102 pust
1523 4029 1599 4076 eum

224 4130 309 4210 allos
336 4133 440 4206 etium
464 4134 761 4231 libros·¹plnrimos·
785 4157 909 4234 eosque
936 4131 1014 4210 aaa
1028 4135 1202 4221 doetrinae
1228 4145 1263 4210 et
1287 4137 1473 4235 elegantias
1500 4135 1600 4210 laude

225 4264 578 4354 onninooarsntasab
592 4265 801 4365 ipsolitteris
816 4267 988 4344 mandatos
1005 4293 1080 4342 esse
1096 4269 1254 4343 credibile
1269 4269 1326 4342 sit.
1449 4265 1484 4318 -’
1591 4317 1595 4326 -
