3874 5010
623 292 1099 372 ...-....5.........

168 543 206 596 re
229 517 397 596 consimili
413 515 635 617 quaesivisse.
687 513 777 589 Nam
798 511 1002 610 iuriialogis
1024 539 1125 612 qnnrn
1146 539 1278 615 semper
1297 524 1450 617 ternpus,
1475 543 1542 616 qno

165 668 280 730 sermo
300 653 436 728 halitus
461 651 620 748 lingitur,
652 649 755 747 proha
780 645 1050 742 distinguendum
1073 649 1120 722 sit
1144 651 1186 722 ab
1214 632 1445 750 ostermere,
1476 677 1542 749 quo

169 794 248 860 sunt
260 785 385 860 litteris
402 784 594 884 perscripti,
619 791 702 857 ‘anta
718 779 829 856 omnia
845 779 1069 877 quaerendum
1085 781 1227 876 ridetur,
1260 783 1379 880 a'cqnid
1395 783 1435 856 dc
1450 793 1543 858 tem·

168 933 248 1018 por'a
265 918 428 998 sermonis
440 918 476 992 in
491 915 647 990 Phaetho
662 914 771 988 hahiti
786 915 911 988 certius
928 899 1062 1012 exquiri
1076 915 1197 1012 possit.
1227 916 1304 988 lInc
1320 917 1407 989 enim
1421 917 1545 1015 explo-

167 1060 243 1127 rato
266 1053 386 1128 saltem
406 1050 492 1126 illud
513 1049 739 1142 lucrabimur,
769 1055 808 1121 nt
826 1059 847 1120 a
867 1072 1009 1146 quonam
1027 1047 1105 1122 inrle
1122 1057 1272 1146 ternpore
1288 1047 1362 1122 ficri
1383 1050 1543 1147 potnerit,

169 1193 207 1260 nt
226 1186 314 1260 liber
334 1186 388 1260 rel
406 1183 611 1258 scriberetur
632 1181 686 1260 rel
706 1181 743 1254 in
765 1181 934 1280 publicam
953 1183 1066 1256 lucem
1082 1181 1311 1276 emitteretur,
1340 1190 1545 1282 compertum

169 1317 346 1394 hahentur.
1333 1400 1341 1413 ¹
1378 1316 1380 1321 ’

292 1449 457 1524 Videntur
481 1456 592 1526 antem
616 1450 704 1524 hanc
730 1449 961 1548 quaestionem
989 1449 1203 1550 paucissimis
1229 1471 1331 1548 posse
1357 1449 1543 1544 absolvere,

170 1582 437 1682 quondoquidem
474 1584 743 1658 luculentissime
779 1583 1003 1658 demonstrari
1039 1589 1180 1681 potest,
1233 1591 1427 1680 peroratum
1462 1581 1546 1678 hugi

169 1713 319 1791 Phaedri
341 1701 645 1793 sermoncm'intra
671 1717 807 1816 Olymp.
828 1715 951 1790 XCII.
973 1718 1011 1791 l.
1035 1725 1070 1789 ct
1090 1715 1227 1814 Olymp.
1248 1714 1393 1790 XCIII.
1418 1717 1457 1792 3.
1480 1717 1546 1790 hoc

171 1856 237 1942 at,
267 1848 355 1932 intra
370 1875 493 1924 annum
508 1851 607 1923 412.
624 1858 659 1924 et
676 1849 774 1922 406.
791 1857 869 1924 ante
886 1875 998 1924 aeram
1014 1846 1253 1922 Christianam.
1311 1849 1367 1922 Ile
1382 1875 1447 1947 quo
1461 1874 1546 1947 par·

172 1981 232 2054 tim
247 1981 316 2054 ianr
331 1985 490 2080 exposuit
507 1982 666 2056 Astins
687 1981 743 2054 Do
758 1979 842 2057 Vita
859 1991 894 2056 et
910 1979 1058 2081 Scriptis
1073 1979 1210 2056 Platon.
1227 2007 1262 2080 p.
1284 1983 1381 2056 110.
1428 1980 1547 2056 Conli-

173 2113 262 2186 citnr
285 2122 396 2188 autern
418 2141 474 2190 res
494 2115 548 2188 his
568 2115 641 2188 lere
663 2115 882 2212 argumentis.
940 2114 1091 2188 Primum
1109 2113 1235 2212 Lysias
1253 2114 1433 2189 identidem
1456 2094 1547 2188 tarn·

174 2266 273 2344 qnam
288 2247 402 2322 rhetor
418 2257 694 2324 commemoratur
707 2249 854 2324 Athenis
870 2248 970 2344 longa
986 2249 1237 2324 celeberrimus.
1295 2249 1336 2322 Is
1350 2271 1429 2322 roro
1447 2273 1548 2347 quum

174 2377 311 2478 Olymp.
328 2378 451 2454 XCII.
477 2383 514 2456 1.
538 2380 704 2475 Thuriis,
735 2406 892 2478 quorsum
913 2405 999 2479 puer
1019 2380 1208 2478 quindecim
1233 2405 1394 2455 annorum
1419 2381 1550 2478 migra·

174 2521 281 2605 rerer,
297 2512 451 2586 Athenas
465 2539 620 2588 reversus
635 2515 693 2608 sit,
713 2513 754 2586 do
772 2539 837 2610 qno
851 2513 942 2586 inira
958 2512 1089 2586 dicetur
1104 2512 1320 2611 explicatius,
1340 2537 1548 2612 consequens

175 2652 248 2738 est,
274 2653 313 2718 nt
329 2645 530 2744 colloquium
546 2648 640 2728 nullo
659 2654 759 2745 praeto
779 2645 964 2720 antchona
982 2671 1105 2720 annum
1125 2646 1275 2720 hahitnrn
1288 2648 1371 2744 fingi
1388 2647 1549 2746 potnerit.

175 2773 254 2849 Nisi
275 2779 363 2850 forto
387 2788 507 2875 putare
529 2779 752 2872 voluerimus,
783 2781 950 2854 rhetorem
971 2780 1039 2852 ianr
1065 2803 1105 2853 eo
1130 2788 1280 2877 tompore
1301 2780 1382 2876 fingi
1402 2779 1552 2855 Athenis»

175 2907 285 2983 fnisse
314 2907 557 3002 clarissimum,
588 2935 654 3001 qno
680 2911 823 3004 nondum
843 2881 968 3003 padam*
983 2910 1067 2978 illuc
1088 2911 1272 2995 retulerat3
1306 2909 1341 2980 in
1362 2909 1448 3006 quod
1466 2935 1550 3006 pros·

177 3041 268 3115 lecto
284 3039 443 3136 perquam
461 3037 640 3112 ahsnrelnrn
655 3039 756 3112 foret.
796 3037 904 3110 Porro
924 3063 959 3134 p.
978 3037 1075 3111 268.
1091 3036 1133 3110 C.
1148 3039 1196 3112 D.
1217 3041 1340 3113 mentio
1365 3039 1547 3140 Sophoclis

173 3182 213 3251 nt
226 3171 402 3270 Euripidis
425 3171 477 3246 sic
498 3169 663 3263 iniicitnr,
688 3177 727 3244 nt
749 3177 928 3266 utrumqne
951 3171 1054 3246 facile
1076 3181 1240 3270 appareat
1258 3172 1403 3270 intelligi
1427 3175 1548 3268 airum,
1615 3264 1622 3276 „

178 3329 245 3378 non
267 3313 445 3378 mortuum.
502 3304 578 3380 Iam
600 3327 679 3382 roro
701 3303 780 3376 illos
804 3309 936 3378 constat
956 3301 1091 3400 Olyrnp.
1107 3301 1250 3378 XCIII.
1267 3305 1307 3378 3.
1327 3307 1381 3380 rel
1397 3308 1438 3380 4.
1462 3307 1551 3402 diem

181 3459 370 3535 supremum
388 3437 526 3529 obiisse,
548 3435 648 3510 sicuti
671 3435 772 3508 exiis
788 3443 940 3535 apparet,
962 3459 1047 3532 quac
1063 3434 1279 3532 disputarunt
1294 3435 1550 3512 Bocckhins

180 3566 306 3648 Graec.
316 3533 486 3668 Tragoerl.
500 3568 652 3667 Princip.
672 3569 880 3668 eoasque
896 3567 1059 3641 Borlius
1078 3565 1208 3642 aaron.
1225 3567 1262 3640 d.
1278 3568 1402 3644 druna.
1417 3568 1552 3642 Poe'so'c

181 3699 452 3788 rIcrHelicrecu
475 3698 558 3778 Vol.
574 3701 606 3776 Ι.
623 3727 658 3800 p.
680 3701 777 3775 354.
804 3712 840 3776 et
857 3699 956 3776 456.
979 3725 1057 3775 ann.
1116 3700 1240 3798 Itaque
1261 3702 1474 3776 manifestum
1499 3713 1552 3777 est

181 3857 366 3924 sermpnem
390 3842 475 3914 ormo¹
492 3834 556 3908 hoc
576 3841 708 3932 tempus
731 3834 869 3926 haberi,
899 3857 962 3908 nec
984 3857 1060 3908 uero
1082 3841 1203 3932 postea
1224 3833 1414 3907 institutum
1438 3835 1551 3933 putari

180 3965 297 4044 licere.
348 3965 526 4041 Pertiuenl
548 3965 616 4040 hnc
639 3968 761 4058 etiarn,
787 3989 875 4063 quac
897 3991 933 4064 p.
951 3965 1005 4040 27
1011 3965 1049 4042 6,.
1064 3963 1110 4042 E.
1133 3965 1344 4040 dalsoaratc
1362 3967 1552 4064 perscripta

181 4107 272 4174 sunt.
330 4099 387 4174 Ihi
410 4097 497 4174 onim
525 4097 627 4178 Plato
649 4096 827 4174 ¹Socrartcrn
853 4097 938 4176 iacit
961 4096 1002 4170 (le
1027 4097 1202 4194 Isocrate,
1220 4079 1299 4175 :turn
1322 4099 1551 4192 adolescente,
