3874 5010
787 321 1282 406 .........13.....-

353 548 405 625 ait
428 571 544 620 cauum
568 553 602 622 at
623 553 816 640 arcuatum,
847 543 935 641 quod
952 541 1098 642 undiquc
1121 551 1246 620 terrant
1271 543 1307 620 in
1324 542 1435 620 mcdio
1453 542 1601 620 uniuersi
1626 545 1727 625 situm
1885 600 1888 623 .

355 681 505 776 cingeret
521 703 563 753 ac
577 678 812 754 circumdaret.
870 677 915 752 In
933 701 998 776 quo
1015 677 1081 754 etsi
1097 677 1206 757 tenuit
1223 677 1394 774 ruperam
1409 703 1552 775 magnae
1568 678 1727 756 multitu·
1885 696 1890 757 t

356 813 443 886 dinis
457 811 646 912 opinionem
661 812 800 888 atiena
813 812 921 912 pectis
936 813 1154 906 celebratam,
1168 820 1281 886 tannen
1295 811 1376 886 itcrn
1393 809 1485 916 aliud
1501 811 1581 909 quid
1597 824 1731 909 ecquod

301 1021 303 1028 ,
355 957 411 1022 tus
428 955 492 1020 est.
551 943 640 1020 Nam
654 947 745 1022 orbis
768 945 949 1038 coelestis,
982 969 1080 1042 quern
1101 945 1240 1039 statuit,
1266 945 1464 1044 neutiquam
1488 954 1541 1020 cst
1563 945 1728 1040 alcaeus,-

356 1085 394 1155 ut
412 1079 460 1150 dii
478 1079 586 1154 coacti
605 1079 673 1154 sint
691 1102 759 1154 nna
775 1101 850 1154 cum
873 1077 1156 1175 reliquisauirnis
1176 1103 1239 1177 pcr
1259 1080 1410 1154 toramen
1433 1077 1569 1176 aliquod
1593 1101 1728 1152 sursum
1769 1173 1773 1178 Ι

357 1236 547 1308 emerger03
561 1213 628 1286 inno
645 1211 847 1306 informetur
860 1211 920 1284 illc
936 1219 1104 1308 tauquam
1118 1211 1280 1288 terminus
1296 1212 1430 1310 quidam
1444 1213 1592 1288 catienus
1606 1209 1749 1310 liquidi·

357 1345 505 1420 aetheris
534 1344 658 1420 linibus
682 1345 842 1438 allectus,
870 1343 958 1418 unda
976 1321 1170 1418 exordiatur
1191 1344 1341 1442 regionis
1357 1344 1662 1444 supermundialis,
1690 1351 1729 1420 ut

358 1503 433 1554 curn
449 1479 665 1554 Tertulliano
678 1479 869 1576 loquamur,
889 1477 1089 1572 amoenitas,
1106 1501 1193 1576 quae
1213 1477 1347 1577 quidem
1366 1477 1461 1576 regio
1477 1503 1546 1554 uon
1558 1478 1639 1554 iane
1649 1501 1730 1571 cun-r
1753 1517 1760 1530 ,

356 1637 440 1711 pora
455 1613 587 1686 inclusa
602 1618 715 1705 tenet,
746 1611 805 1686 sed
822 1612 955 1710 specics
972 1635 1082 1686 rcrunr
1100 1619 1280 1705 aeternas,
1310 1619 1504 1690 constantes
1524 1619 1625 1709 atquc
1641 1609 1734 1687 omni
1803 1665 1806 1674 ·

356 1747 519 1820 rnatcriae
538 1744 751 1820 concretione
766 1745 894 1820 liberas
910 1733 970 1838 (τὰ
986 1732 1213 1830 dornatiacus,
1234 1733 1280 1814 τὰ
1295 1739 1375 1839 εἴδη
1384 1791 1397 1827 ,
1422 1733 1489 1829 τὰς
1501 1739 1618 1831 ἰδέας)
1636 1767 1732 1818 conu-
1848 1735 1850 1740 ¹

357 1879 529 1975 plectitur.
597 1879 694 1972 Quae
728 1877 815 1952 scita
845 1886 899 1952 est
931 1878 1120 1988 cluseruatio
1143 1877 1403 1956 Buttmanni
1424 1877 1462 1952 in
1484 1875 1659 1976 Epimetro
1687 1871 1732 1950 ud
1896 1832 1901 1981 ἶ

357 2009 506 2086 Plaedr.
522 2036 557 2109 p.
575 2011 673 2086 383.
689 2035 741 2108 sq.
757 2011 810 2084 od.
826 2010 1006 2086 Heindorf.
1024 2035 1095 2086 soc.
1157 2011 1281 2108 Itaque
1296 2011 1444 2090 extimus
1459 2010 1515 2086 hic
1529 2009 1643 2084 mundi
1656 2017 1732 2084 tur·
1896 1998 1901 2073 Ι

358 2143 469 2216 rniuus
494 2143 578 2216 nihil
604 2151 657 2218 est
680 2142 773 2217 uliud
796 2143 865 2219 nisi
887 2142 1010 2240 liquidi
1022 2140 1171 2222 aetheris
1192 2143 1402 2219 cruentas.
1460 2140 1568 2216 crtus
1585 2141 1737 2221 extortor
1894 2134 1904 2319 p

359 2275 554 2373 superficies
570 2299 606 2374 p.
625 2276 722 2352 247.
739 2273 782 2350 B.
798 2275 974 2374 aptissime
998 2285 1137 2352 uocatur
1154 2264 1199 2347 τὸ
1218 2266 1287 2346 τοῦ
1305 2262 1466 2370 οὐρανοῦ
1487 2265 1623 2356 νῶτον,
1643 2269 1733 2372 quod

196 2396 201 2405 ’
359 2408 474 2480 eodem
490 2409 586 2484 nodo
603 2407 819 2503 dictumest,
849 2433 915 2507 quo
931 2409 1219 2508 apudlloraeruna
1237 2409 1391 2506 aliosque
1411 2400 1507 2478 νῶτα
1527 2394 1743 2500 θαλάσσης,
1899 2332 1905 2477 i

358 2533 454 2608 auita
472 2533 624 2624 ποντίας
640 2529 747 2625 ἁλός,
772 2535 868 2613 νῶτα
883 2530 1039 2626 πόντου,
1064 2536 1161 2614 νῶτα
1179 2541 1394 2636 αἰθέρος,
1423 2538 1466 2616 de
1486 2562 1552 2636 quo
1574 2536 1734 2636 loquundi

359 2695 483 2768 ganerc
506 2670 732 2746 consulendus
756 2680 810 2748 est
824 2672 1026 2748 Picrson.
1052 2673 1095 2751 ad
1111 2674 1226 2751 Mccr.
1247 2698 1283 2772 p.
1301 2672 1420 2763 2684
1457 2671 1599 2746 interior
1620 2678 1733 2746 auteur
1906 2756 1908 2765 Ι

357 2828 439 2902 pars
455 2804 646 2902 appellatur
661 2792 769 2898 ἀψίς,
789 2804 956 2895 uum,
971 2804 1142 2900 soma,
1166 2827 1305 2894 arcuo,
1334 2813 1452 2904 utpote
1474 2812 1612 2904 propter
1636 2801 1733 2876 orbi-

360 2934 508 3006 cularem
541 2933 629 3006 coeli
657 2934 799 3006 formam
830 2936 866 3009 in
896 2963 1011 3016 arcum
1042 2948 1238 3018 concarata.
1312 2937 1481 3016 Nimirum
1511 2937 1547 3015 iu
1578 2933 1633 3009 his
1664 2933 1733 3009 lin·

360 3064 480 3160 gendis
504 3063 773 3161 exercendisque
797 3062 899 3140 Plato
929 3067 972 3138 ob
995 3065 1113 3144 oculos
1137 3064 1257 3166 lubuit
1284 3064 1359 3140 niue
1383 3064 1485 3143 dubio
1513 3063 1731 3163 philosophos
1905 2786 1914 3191 i

358 3195 535 3270 Eleaticos
553 3205 588 3272 ct
601 3195 866 3292 Pythagoricos,
899 3195 959 3293 qui
980 3197 1149 3296 duplicant
1172 3206 1364 3276 statuerunt
1384 3195 1557 3290 mundum,
1589 3197 1733 3282 alterurn

360 3329 645 3428 adspectabileru,
682 3330 825 3404 alterum
848 3328 1120 3426 intelligibilem,
1158 3331 1263 3408 relati
1282 3329 1526 3423 Parmenides,
1556 3328 1732 3430 Enpedo-

360 3464 453 3556 clca,
484 3463 566 3556 elii,
597 3461 781 3562 dequibus
806 3459 965 3536 dixerat
987 3460 1091 3540 Sirn.
1116 3463 1316 3540 Karsten
1338 3461 1395 3538 lla
1413 3461 1603 3539 Parmenid.
1629 3461 1733 3537 Reli·

361 3594 450 3692 quiis
466 3621 501 3692 p.
527 3595 624 3669 204.
640 3618 714 3693 sqq.
736 3594 884 3692 itemquo
901 3595 958 3671 Da
971 3593 1188 3693 Empedoclis
1204 3594 1374 3693 Reliquiis
1397 3618 1434 3692 p.
1455 3593 1554 3670 869.
1574 3602 1611 3670 et
1631 3596 1733 3676 417.

361 3752 436 3824 sqq.
454 3735 489 3802 et
504 3723 720 3800 Sturaius
735 3727 791 3801 Dc
807 3725 1014 3825 Erupcdocloi
1028 3751 1064 3825 p.
1088 3729 1186 3804 277.
1207 3737 1242 3804 ct
1256 3755 1292 3828 p.
1311 3728 1409 3805 280.
1427 3750 1505 3824 sqq.
1561 3727 1636 3806 lau
1655 3749 1732 3803 vcro

359 3860 465 3934 totius
481 3858 629 3936 uniuersi
644 3859 821 3954 utnon,
836 3859 868 3934 si
882 3859 1032 3958 quaeris,
1051 3885 1118 3959 qua
1132 3861 1264 3938 ratione
1279 3858 1462 3953 effinxerit,
1478 3859 1563 3937 tecit
1577 3860 1642 3937 loc
1656 3882 1733 3934 uua·

361 3993 485 4068 niteato
499 3991 645 4066 decretis
659 3992 808 4068 Philolai
823 3994 1071 4086 conveniuntur,
1100 3993 1251 4093 quiquid
1266 3993 1308 4068 dc
1322 4016 1364 4066 ua
1379 3991 1545 4085 onorio,
1575 4015 1618 4066 cn
1634 3992 1744 4089 trag-1

362 4133 473 4200 noento
490 4123 742 4226 quodam‘cpud
760 4123 840 4202 Sto
851 4125 1157 4226 laeuonllclogg.
1175 4128 1281 4226 Phys.
1295 4126 1329 4202 I.
1347 4125 1400 4200 23
1409 4178 1423 4221 ,
1443 4127 1481 4202 l.
1507 4151 1543 4224 p.
1560 4124 1659 4202 488.
1675 4124 1735 4204 in·
