3874 5010
617 378 780 388 „m
844 331 897 410 15
958 379 1124 389 m.-

179 545 499 646 emmeramiano
530 545 641 620 locum
670 546 814 620 breviter
831 551 964 623 ,tansum
990 550 1281 648 perstringemus,
1314 551 1468 628 uberiore
1495 552 1597 628 eius⁴

180 683 416 760 dilucibtione
435 681 469 754 in
487 680 578 754 aliud
591 687 721 778 tempus
737 680 875 754 reiecta.
910 679 1033 778 Itaque
1046 683 1190 779 primum
1213 683 1343 780 quidem
1365 685 1431 762 luc
1446 687 1568 762 referi·
1723 709 1734 730 ’

178 841 253 890 unus
274 815 377 908 illud,
404 814 492 912 quod
514 813 674 886 miramur
697 838 779 886 sane
796 839 816 886 a
832 814 911 887 viris
930 815 1130 890 doctissimis
1153 817 1251 924 plane
1271 818 1461 916 neglectum
1478 843 1568 912 csse,

179 948 265 1045 quod
287 948 389 1020 divim
414 945 541 1020 arncris'
562 947 672 1020 cultus
698 946 843 1020 relertnr
867 948 909 1022 avl
933 972 1077 1022 amorem
1102 948 1362 1022 adolescentium
1386 951 1569 1048 insigniore

178 1080 320 1177 quadam
337 1058 382 1151 ad
400 1078 696 1176 philosophandum
713 1081 824 1154 indole
840 1064 1062 1177 praeditorum
1071 1131 1084 1174 ‚
1110 1081 1210 1154 sicuti
1227 1080 1266 1154 tit
1286 1105 1320 1178 p.
1339 1084 1567 1160 ale-256.

177 1209 316 1286 Etenim
339 1211 375 1283 iu
398 1211 450 1283 luis
474 1181 689 1308 philosophus
713 1214 786 1286 siue
810 1214 910 1286 dubie
936 1213 978 1286 ol
1003 1215 1117 1288 ocules
1145 1213 1261 1288 latuit
1282 1213 1568 1310 Pythagoreorum

178 1344 365 1440 exemplum
376 1393 389 1434 ,
423 1342 479 1439 qui
495 1351 602 1416 semet
620 1345 711 1441 ipsos
734 1353 847 1420 mutuo
866 1347 955 1420 inter
975 1371 1012 1420 se
1034 1371 1146 1420 amore
1167 1346 1473 1443 prosequebantur,
1501 1370 1567 1443 quo

179 1476 265 1548 alter
288 1474 430 1546 ultemm
457 1475 504 1548 ad
530 1476 684 1550 virtutem
710 1501 751 1551 ac
776 1479 976 1576 sapientiam
1003 1480 1183 1554 incitarent
1214 1486 1314 1575 atque
1342 1479 1565 1574 impellerent.

178 1603 299 1702 Itaque
313 1604 503 1680 informavit
519 1608 577 1681 ille
591 1609 632 1682 ad
648 1612 916 1709 quotidianorum
934 1637 1082 1684 amorum
1091 1663 1104 1705 ,
1118 1612 1241 1708 quales
1256 1612 1291 1684 in
1306 1607 1453 1686 Graecia
1468 1611 1566 1708 vige-

179 1739 271 1830 bant,
284 1739 537 1812 similitudinem¹
548 1742 647 1814 'etiam
666 1751 810 1816 mutuam
825 1744 1126 1840 philosophantium
1141 1744 1313 1817 caritatem
1326 1749 1359 1816 et
1371 1743 1564 1834 amicitiam,

178 1871 307 1966 qualem
336 1873 377 1944 alr
402 1897 441 1946 ec
470 1873 649 1946 verisimile
677 1882 731 1946 est
755 1877 942 1948 accuratius
963 1876 1068 1950 luisse
1092 1877 1282 1972 cognitam,
1321 1901 1385 1973 quo
1414 1882 1563 1972 tempore

178 2000 344 2084 Graeciae
368 2027 507 2100 maguae
532 2028 641 2076 mores
662 2011 696 2078 et
715 2005 870 2080 instituta
890 2009 1045 2082 lustravit
1066 2014 1166 2104 atquc
1189 2008 1272 2082 adeo
1292 2034 1368 2082 cnm
1385 2007 1560 2105 Pythago-

176 2134 244 2206 reis
273 2134 450 2208 srctiorem
477 2136 651 2233 quamdam
684 2137 760 2210 iniit
787 2139 1047 2215 familiaritatem
1077 2164 1117 2214 ac
1143 2141 1436 2218 necessitudinem.
1488 2137 1562 2214 sen

175 2275 311 2362 praeter
322 2267 409 2338 istud
423 2268 610 2342 institutum
622 2269 907 2368 Pythagoreorum
919 2271 1121 2346 iuPlracdrc
1138 2272 1237 2346 etiam
1252 2272 1386 2350 decreta
1398 2271 1562 2368 quaedam

175 2391 276 2494 atque
296 2397 417 2493 placita
440 2387 674 2496 reperiuntur,
706 2429 791 2500 quae
817 2411 986 2478 auctorum
1011 2403 1348 2499 locupletissimorum
1370 2401 1562 2478 testimonio

176 2553 220 2602 eu
234 2553 346 2602 eorum
368 2531 520 2604 doctrinm
534 2539 699 2630 tamquam
721 2535 815 2608 lente
830 2536 988 2630 primario
1010 2540 1238 2608 rnanaverunt.
1271 2530 1359 2608 Nam
1381 2555 1561 2629 argumen-

176 2669 245 2734 tum
263 2662 471 2736 aeternitatis
492 2664 675 2738 animorum
701 2690 736 2764 p.
756 2667 844 2772 245.
862 2665 1047 2740 G.·.-2lc
1060 2666 1107 2742 A.
1135 2665 1337 2762 explicatum
1359 2665 1436 2774 inde
1458 2687 1560 2761 repu-

175 2791 270 2862 titum
288 2815 363 2866 esse
377 2795 504 2889 liquido
517 2802 684 2870 testantur
699 2798 853 2874 Cicero
870 2799 979 2875 Tusc.
995 2797 1030 2872 Ι.
1048 2803 1107 2872 16.
1123 2805 1158 2872 et
1172 2798 1249 2870 Ari
1259 2805 1361 2872 stot.
1376 2797 1433 2872 De
1449 2797 1561 2870 anima

176 2920 208 2994 I.
238 2925 273 2993 2.
307 2920 350 2993 vlc
376 2945 442 3018 quo
471 2948 503 2995 v.
527 2924 676 3002 Daris.
697 2929 740 3002 al
757 2930 866 3004 Tusc.
888 2929 921 3003 L
943 2932 1004 3001 12.
1031 2925 1303 2998 Rittershus.
1329 2923 1371 2992 al
1392 2924 1559 3018 Porplyr.

175 3052 231 3125 Ile
240 3052 316 3124 vit.
326 3051 470 3146 Pythag.
483 3075 518 3145 p.
533 3053 594 3122 22.
604 3075 681 3148 sqq.
718 3051 845 3126 Clean.
859 3052 926 3126 Al.
941 3060 1057 3128 strom.
1068 3053 1136 3126 vl.
1148 3077 1183 3164 p.
1196 3056 1219 3126 7
1223 3052 1285 3124 52.
1296 3051 1348 3124 II.
1361 3052 1414 3126 cvl.
1427 3052 1559 3126 Pctter.

175 3188 290 3280 Atque
315 3171 413 3256 ilem
434 3181 644 3254 statuendum
676 3183 718 3258 de
741 3185 843 3258 animi
864 3185 899 3258 in
928 3192 999 3256 tres
1025 3192 1138 3280 pamas
1164 3184 1415 3280 descriptione,
1450 3185 1558 3282 qualis

176 3293 571 3412 exhibetor‘p.·2te.A.
588 3340 663 3412 sqq.
715 3314 803 3390 Earn
828 3316 915 3389 euim
938 3315 1197 3412 aPytlagorois
1226 3317 1425 3391 celebratam
1452 3317 1558 3404 foisse

177 3446 272 3519 iuxta
301 3470 375 3518 cum
407 3445 624 3521 Cicerone
651 3448 795 3522 Tuscul.
818 3447 887 3522 IV.
907 3447 943 3520 5.
966 3447 1023 3520 uiri
1045 3474 1078 3520 v.
1100 3447 1332 3538 Davisius,
1361 3448 1558 3524 confirmant

178 3576 277 3666 etiem
297 3577 485 3674 Diogen.
500 3578 651 3654 Laert.
666 3580 743 3657 Ill.
765 3583 930 3656 30-32.
956 3579 1165 3653 Hierocles
1186 3581 1228 3654 au
1242 3579 1423 3676 Pythagor.
1441 3577 1557 3656 carm.

176 3711 264 3782 Aur.
288 3734 321 3781 v.
336 3714 402 3782 oo.
425 3735 461 3807 p.
485 3714 572 3785 290.
595 3712 649 3786 cl.
667 3711 780 3788 Poris.
832 3711 883 3788 Et
904 3711 993 3789 conl.
1015 3711 1116 3784 etiarn
1142 3737 1227 3809 quoe
1248 3712 1409 3810 Prolegg.
1432 3712 1474 3786 al
1491 3713 1559 3792 Ti.

178 3863 313 3914 unacum.
329 3863 364 3936 p.
385 3841 446 3916 53.
469 3844 510 3916 de
533 3843 596 3919 lroc
612 3869 648 3918 re
674 3845 926 3942 explicavimus.
978 3845 1094 3940 Atque
1116 3845 1253 3919 eandem
1275 3846 1374 3918 etiam
1398 3827 1439 3920 alr
1455 3845 1558 3918 Ari·

179 3973 342 4048 stotele
362 3973 481 4068 Magn.
496 3975 588 4050 Mor.
602 3974 634 4050 Ι.
655 3982 690 4050 1.
713 3976 875 4054 „Platoni
885 4029 898 4070 ,
925 4001 992 4050 non
1004 3973 1165 4071 Socrati,
1190 3976 1254 4053 lroe
1270 3985 1323 4054 est
1339 4002 1405 4052 non
1420 3976 1558 4050 Platoni

176 4100 372 4200 hostica,
384 4169 387 4176 .
401 4105 460 4180 scol
480 4105 616 4182 Platoni
640 4107 692 4183 sui
712 4106 797 4180 iuris
821 4109 915 4205 quasi
929 4109 1040 4202 sacto,
1067 4110 1232 4218 vindicari
1246 4111 1314 4184 iam
1328 4118 1427 4198 antea
1449 4107 1557 4204 signi-

173 4235 358 4332 ficavimus.
381 4239 516 4317 Iseaim
533 4264 574 4319 ea
589 4240 927 4323 ostemationem:
952 4239 1068 4339 μετὰ
1089 4247 1138 4320 δε
1157 4228 1243 4320 ocri
1253 4259 1304 4321 ta
1323 4236 1481 4318 Πλάτων
1497 4243 1553 4318 δι·
1641 4253 1643 4258 ’
