3874 5010
810 285 1320 366 meum

371 511 474 598 etiam
491 509 628 584 Phileb.
642 532 677 607 p.
698 507 764 582 la.
780 506 825 582 Β.-
839 504 968 605 aliqoid
991 505 1356 607 memoriaeproditum
1374 514 1446 603 est,
1476 515 1579 608 atquo
1599 461 1762 610 padi..
1918 605 1919 608 p

308 619 314 634 .
369 647 418 720 D.
451 645 590 718 affertur
619 642 830 741 prouerbium
854 628 1139 729 γλυκὺςάγκών,
1168 642 1253 739 quod
1283 641 1325 716 ad
1356 639 1530 740 quemdam
1549 642 1629 742 ¹Nih
1652 647 1753 725 eubi-

369 788 440 856 tuui
460 779 619 851 rotamur.
676 774 857 852 Enimuero
872 777 984 851 haesit
998 777 1197 876 philosopho
1214 801 1279 872 quo
1297 783 1446 874 tempure
1460 775 1754 856 librumex'arauit

371 913 491 986 reeens
511 910 548 982 iu
571 909 684 982 animo
708 910 868 984 memoria
891 935 1003 984 rerum
1025 911 1061 984 in
1083 910 1238 1012 Aegypto
1261 907 1578 986 animaduersurum.
1622 911 1759 1004 Quam-i

372 1046 485 1121 obrem
502 1043 581 1116 datu
599 1042 849 1140 opportunitate
863 1043 1058 1120 memorarit
1073 1041 1260 1143 quaedam,
1288 1065 1375 1140 quae
1392 1041 1435 1116 ad
1453 1065 1524 1118 reru
1541 1050 1753 1141 praesentem

371 1175 594 1278 aliquomodo
612 1175 727 1248 lacero
742 1177 952 1271 riderentur,
979 1181 1087 1276 eoque
1103 1176 1178 1280 ipso
1194 1184 1327 1276 tempus
1344 1174 1464 1276 scripti
1480 1175 1646 1252 sermonis
1664 1203 1754 1278 quor·

373 1309 546 1388 dammodo
564 1308 779 1407 significarit.
875 1373 878 1390 „
1193 1316 1196 1323 ’

388 1483 397 1498 =
479 1443 617 1538 ,Verum
633 1443 803 1518 mittamus
820 1441 924 1532 istud.
984 1443 1224 1543 Progredimur
1239 1443 1351 1544 potius
1368 1441 1411 1518 ad
1430 1441 1566 1518 tertium
1579 1443 1751 1543 quiddam,

369 1579 458 1654 unde
471 1577 620 1650 Phaedri
635 1578 840 1676 temporibus
855 1587 890 1652 et
906 1579 1093 1676 originibus
1108 1579 1235 1678 aliquid
1249 1580 1337 1652 lueis
1353 1576 1510 1670 accedat,
1538 1579 1754 1654 confutetur-

281 1783 283 1788 .
371 1737 435 1825 que
460 1710 593 1786 taudem
615 1712 750 1809 penitus
773 1734 887 1784 eorum
912 1713 1103 1807 sententia,
1135 1713 1193 1810 qui
1211 1711 1336 1786 librum
1356 1735 1416 1809 pro
1437 1709 1576 1784 iuuenili
1594 1710 1751 1786 Platonis
1786 1701 1788 1707 ¹

370 1869 472 1945 opere
492 1842 611 1918 haberi
632 1844 818 1920 uoluerunt.
878 1845 1109 1944 Reperiuutur
1124 1846 1212 1921 euim
1227 1845 1263 1919 iu
1282 1869 1322 1919 eo
1337 1842 1703 1940 euidentissimasigua
1718 1851 1753 1939 et

369 1978 514 2073 iudicia,
544 1975 632 2050 uude
659 2001 726 2051 nou
745 1985 875 2052 tautum
897 1980 1066 2078 suspirari
1089 1981 1148 2054 sod
1178 1977 1414 2079 propemodum
1441 1985 1534 2052 certo
1560 1976 1752 2074 perspicere

369 2113 493 2206 liceat,
523 2111 685 2209 seriptum
706 2117 781 2190 euru'
803 2133 902 2205 esse,
931 2138 997 2211 quo
1013 2121 1163 2211 tempore
1184 2113 1405 2212 philosophus
1435 2134 1475 2183 ex
1499 2109 1606 2206 primo
1627 2109 1665 2182 iu
1687 2107 1763 2182 sb.

372 2245 486 2340 oilia'm
509 2245 633 2322 itinero
657 2244 765 2320 redux
791 2245 905 2320 sactus
931 2245 1174 2344 philosophiam
1202 2245 1238 2318 iu
1252 2241 1438 2316 Academia
1455 2240 1580 2335 ,docere
1605 2240 1753 2314 animum

370 2377 552 2452 induxerat
578 2386 679 2476 atque
704 2403 825 2452 munus
853 2378 1041 2480 sapientiae
1068 2403 1160 2454 more
1183 2376 1345 2473 modoque
1366 2367 1652 2472 Pythagoreorum
1678 2373 1752 2471 pira

371 2511 462 2584 eoois
475 2495 687 2586 institutione
702 2511 939 2614 propagandae
953 2512 990 2586 iu
1004 2535 1043 2585 se
1059 2513 1233 2610 suscipere
1246 2509 1451 2582 decreuerat.
1494 2507 1605 2600 Quam
1619 2505 1753 2605 quidem

372 2641 573 2716 seutentiam
605 2667 707 2739 quum
731 2667 774 2716 ex
795 2651 892 2742 purte
915 2643 1258 2720 tautum-defenderit
1279 2639 1499 2720 Sooherus
1520 2639 1577 2714 De
1601 2638 1751 2739 Scriptis

370 2756 535 2845 Platonis*
543 2800 578 2869 p.
595 2775 692 2846 800.
709 2798 784 2870 sqq.
799 2799 908 2870 aeque
923 2801 984 2848 uos
1000 2776 1079 2850 olim
1095 2775 1263 2874 copiosius
1281 2773 1553 2871 exposuerimus,
1582 2773 1754 2870 noluimus

371 2929 461 2976 nuno
470 2903 680 2977 *committere
688 2951 701 2994 ,
730 2912 770 2978 ut
784 2929 821 2975 re
836 2905 926 2986 iusto
940 2907 1074 2982 breuius
1089 2914 1235 2982 tractata
1247 2905 1342 2980 ueris
1356 2928 1474 2978 rursus
1487 2902 1766 2996 dubitationibus

370 3037 468 3109 loeus
485 3035 744 3132 relinqueretur.
803 3032 972 3126 Quocirca
987 3035 1075 3108 hano
1088 3033 1327 3132 disputationis
1342 3040 1472 3130 partem
1485 3033 1536 3106 ita
1549 3033 1615 3108 iam
1630 3035 1749 3132 profli-

370 3192 452 3264 gare
474 3168 669 3244 conabimur
678 3219 690 3259 ,
720 3173 758 3240 ut
776 3165 936 3263 quidquid
953 3165 995 3245 ad
1011 3189 1085 3242 eam
1099 3165 1333 3242 illustrandam
1348 3165 1669 3264 confirmandamque
1684 3189 1758 3240 ra·⁴

370 3300 454 3393 leot,
484 3298 520 3376 id
536 3300 572 3374 iu
586 3298 732 3374 medium
749 3297 947 3387 abderamam
977 3323 1044 3397 qua
1057 3298 1187 3376 ratione
1200 3298 1335 3375 taudem
1346 3299 1500 3374 -futurum
1519 3322 1595 3376 esse
1609 3319 1749 3397 sperare

371 3432 475 3524 lieet,
506 3437 545 3504 ut
561 3456 627 3505 uon
651 3453 781 3529 pauca,
818 3453 904 3526 quae
926 3429 1034 3508 adhue
1056 3431 1303 3531 permanserint
1322 3430 1537 3527 obscuriora,
1569 3429 1749 3534 aliquando

372 3561 595 3639 desideratam
613 3563 723 3640 leuem
740 3561 921 3660 accipiant.
1527 3574 1530 3580 '

383 3726 394 3766 r
488 3695 538 3770 Et
562 3695 647 3772 illud
670 3695 803 3794 quidem
826 3695 911 3770 satis
936 3702 1029 3770 certo
1049 3703 1204 3768 constare
1227 3695 1449 3792 arbitramur,
1471 3695 1649 3772 Platonem
1672 3703 1764 3795 post„

372 3825 584 3904 diuturniora
602 3829 739 3923 itinera,
771 3828 964 3925 intorques
982 3827 1172 3927 complures
1188 3835 1296 3904 terras
1310 3831 1525 3924 lustraverat,
1551 3829 1588 3902 iu
1603 3827 1747 3926 patriam

370 3973 542 4035 reversum
558 3983 635 4034 esse
649 3960 785 4060 Olymp.
801 3957 979 4040 XCVIII.
995 3962 1044 4036 iu.
1083 3959 1139 4034 De
1156 3984 1224 4060 qua
1237 3985 1275 4034 re
1290 3961 1375 4036 satis
1390 3963 1631 4062 explicavimus
1645 3959 1751 4036 testi«.

284 4105 286 4110 ’
369 4093 490 4193 moniis
515 4093 715 4192 scriptorum
739 4092 852 4170 allath
875 4092 911 4198 iu
927 4091 1089 4190 Prolegg.
1113 4092 1155 4172 ad
1170 4092 1352 4172 Politioum
1365 4121 1400 4196 p.
1420 4096 1491 4195 42.
1509 4121 1585 4195 sqq.
1605 4189 1608 4196 ἴ
1628 4093 1753 4190 Minus.
