3874 5010
624 343 1126 429 ........17........

188 591 321 669 goreos.
380 563 454 645 Nec
476 565 560 643 vero
578 569 714 644 silentio
736 563 1104 671 praetereuola'sunt,
1136 597 1222 673 quae
1243 597 1278 674 p.
1305 570 1402 650 275.
1419 573 1464 651 Β.
1488 601 1564 676 sqq.

187 703 302 804 maius
319 703 536 803 disputantur
551 727 591 777 eo
606 703 770 799 consilio,
800 713 840 779 ut
855 706 976 788 melius
993 731 1070 782 esse
1086 716 1248 807 appareat
1266 708 1338 782 uiua
1353 710 1445 785 vocis
1461 709 1587 788 insti-n

186 837 318 912 tutione
344 837 422 911 aliis
436 838 606 937 prodesse
627 861 726 936 qnam
747 839 907 912 librorum
937 841 1137 939 scriptorum
1161 840 1402 940 publicatione.
1467 844 1566 938 Quae

187 978 279 1049 corto
295 971 432 1068 egregie
447 971 627 1055 concinunt
645 995 721 1044 cnm
740 972 906 1047 institutio
926 973 1064 1048 sololae
1078 971 1347 1071 Pythagoricae,
1377 975 1419 1049 do
1439 977 1562 1074 quibus

184 1099 458 1181 Plutarchus
479 1101 582 1178 Num.
597 1129 633 1203 p.
650 1102 718 1179 74.
735 1103 776 1180 G.
792 1139 842 1172 a
863 1132 899 1205 p.
921 1107 1017 1180 121.
1036 1106 1089 1182 eo.
1114 1105 1295 1182 Schoeler.
1321 1105 1477 1178 ammom
1497 1099 1564 1196 τὰς

185 1225 285 1331 ἱερὰς
302 1232 452 1326 βίβλους
471 1231 697 1333 σανταφῆναι
713 1226 805 1331 μετὰ
826 1231 891 1308 τοῦ
911 1228 1093 1330 σώματος·
1120 1225 1149 1334 ᾤ
1169 1233 1329 1334 λογισμῷ
1353 1259 1446 1336 φασι
1464 1239 1560 1337 μηδὲ

185 1357 273 1454 τούς
286 1358 578 1465 Πυθαγορικρὺς
596 1371 648 1456 εἰς
669 1361 808 1468 γραφὴν
823 1366 1098 1442 κατατίθεσθαι
1117 1362 1165 1442 τὰ
1188 1362 1443 1466 aovatorum,
1463 1365 1559 1472 μνή-

184 1521 249 1594 oqo
269 1497 312 1569 oa
334 1500 395 1572 καὶ
408 1499 602 1576 παίδευσιν
619 1495 740 1575 αὐτῶν
754 1494 919 1600 ἄγραφον
932 1503 1093 1596 ἐμποιεῖν
1106 1511 1183 1592 τοῖς
1195 1495 1318 1592 ἀξίοις.
1367 1508 1482 1606 Atque
1503 1510 1558 1582 lis

110 1679 116 1694 ·
183 1627 348 1709 accedunt
363 1635 507 1737 lenique
521 1639 625 1714 etiam
640 1639 866 1714 astronomica
882 1637 1058 1736 quaedam,
1078 1661 1164 1736 quaa
1181 1639 1245 1714 elsi
1261 1663 1304 1714 ox
1319 1641 1421 1714 variis
1437 1642 1554 1716 ramo·

182 1794 254 1842 rum
275 1771 488 1868 opinionibus
505 1795 546 1846 ac
561 1771 707 1848 decretis
731 1772 837 1845 mixta
854 1779 932 1844 sunt
953 1779 1054 1870 atquo
1072 1772 1109 1845 in
1129 1797 1229 1846 unum
1252 1772 1418 1868 conflata,
1443 1783 1556 1850 tamen

181 1901 263 1976 item
278 1905 466 2003 sapientiae
475 1905 722 2002 Pythagoricae
737 1903 885 2003 speciem
901 1903 987 1978 satis
1004 1913 1123 2004 aperte
1135 1931 1217 2005 prao
1233 1931 1272 1980 ac
1289 1907 1415 1982 lerunt.
1449 1903 1556 1982 Gniua

181 2037 317 2133 generis
335 2061 437 2110 unum
456 2038 576 2112 saltem
597 2039 710 2113 locum
730 2045 878 2112 tractare
903 2037 1018 2138 placet
1036 2047 1153 2140 utpote
1170 2040 1314 2114 nondum
1331 2039 1417 2124 satis
1437 2041 1479 2113 alo
1498 2041 1557 2114 in·

181 2169 388 2268 terpretilous
404 2169 636 2248 dilucidatum.
674 2171 742 2246 Est
755 2165 786 2244 is
803 2195 840 2269 p.
852 2171 949 2247 247.
966 2197 1062 2272 sqq,
1079 2174 1140 2247 nloi
1157 2173 1335 2248 exhibetur
1350 2173 1438 2247 coeli
1454 2181 1557 2273 atque

180 2291 328 2384 uniuersi
340 2303 442 2378 huius
455 2287 744 2403 munoi'quaedam
760 2305 884 2402 imago.
914 2305 1033 2402 Fingit
1046 2303 1095 2379 ibi
1107 2307 1405 2404 philosophuslroc
1418 2307 1558 2380 unirer·

180 2458 254 2510 aum
269 2415 438 2512 inclusum
452 2437 602 2538 undique
618 2439 727 2512 teneri
741 2439 823 2512 orbo
836 2447 1006 2536 tamquam
1021 2439 1146 2522 extimo
1161 2439 1317 2537 quodam.
1362 2435 1477 2534 Super
1491 2437 1554 2510 illo

180 2575 297 2642 extare
313 2571 384 2642 uult
399 2561 511 2645 rerum
526 2565 711 2655 diuinarum
733 2571 887 2670 species,
913 2571 978 2645 hoc
1000 2579 1054 2646 est
1082 2561 1199 2666 ideas,
1215 2551 1272 2644 =etl
1295 2591 1379 2668 ques
1400 2575 1555 2643 contem·

178 2699 321 2798 planias
344 2701 394 2775 olii
421 2703 575 2778 curribus
603 2705 705 2783 alatis
732 2697 916 2779 evehantur
950 2713 1120 2804 tamquam
1149 2702 1192 2778 ad
1230 2701 1349 2802 epulas
1373 2701 1550 2801 quasdam,

180 2831 464 2928 subsequentibus
486 2836 607 2908 animis
623 2838 799 2912 celsiorem
818 2837 922 2912 istum
939 2839 1084 2913 rolatum
1106 2839 1187 2913 item
1204 2861 1265 2931 pru
1279 2835 1370 2908 uirili
1387 2835 1555 2914 tentanti·

178 2959 257 3036 bus.
313 2961 412 3036 Intra
433 2963 544 3062 ipsum
560 2973 672 3039 antem
692 2967 836 3042 collocat
854 2976 979 3042 terram
998 2969 1128 3061 pariter
1149 2973 1251 3060 atque
1267 2963 1403 3040 deornm
1426 2963 1554 3055 sedem,

177 3089 309 3172 ¹Vestae
326 3092 500 3168 custodiae
513 3086 742 3186 commissam
759 3115 802 3165 ex
818 3117 885 3190 qua
900 3093 981 3168 sedo
996 3095 1054 3168 isti
1070 3094 1202 3191 agmine
1215 3093 1305 3165 iasto
1321 3089 1437 3165 ordine
1452 3089 1553 3165 dein·

179 3249 259 3325 ceps
276 3225 406 3300 coelum
422 3249 539 3300 uersus
556 3225 760 3317 evehuntur,
787 3223 824 3298 in
839 3249 905 3322 quo
918 3225 1040 3302 itinere
1064 3225 1166 3298 animi
1181 3223 1366 3298 deteriores
1384 3230 1419 3297 et
1437 3243 1551 3296 reram

179 3354 364 3432 divinarum
380 3357 491 3436 stolio
505 3359 708 3434 'fatiscentes
727 3355 871 3453 lenique
891 3355 1093 3430 delabuntur
1109 3358 1146 3430 in
1162 3365 1285 3430 terram
1294 3405 1307 3450 ,
1336 3356 1440 3430 vitam
1456 3351 1551 3430 mor}

178 3487 282 3562 talem
304 3489 505 3586 ingressuri.
562 3490 728 3564 Difficilis
745 3511 878 3587 semper
894 3487 951 3560 hio
971 3488 1068 3561 locus
1085 3487 1129 3562 ad
1151 3483 1437 3587 interpretandum
1458 3489 1551 3562 riona

179 3627 245 3714 est,
261 3644 371 3718 nequo
385 3621 537 3720 prolecto
552 3622 732 3704 immerito.
769 3619 841 3695 seu
857 3630 1061 3696 evanescunt
1077 3629 1192 3696 nostra
1208 3619 1376 3694 sententia
1390 3627 1550 3718 protenus

179 3751 421 3847 difficultates,
450 3754 510 3830 ubi
532 3756 798 3832 animaduersum
823 3754 947 3848 luerit,
975 3751 1158 3854 populares
1181 3753 1223 3826 de
1248 3751 1361 3827 munli
1384 3751 1492 3849 ligura
1509 3773 1551 3826 ac

179 3885 295 3984 specie
319 3884 493 3983 opiniones
516 3886 643 3984 insigni
666 3887 809 3986 quatiam
834 3895 911 3962 arte
935 3888 1132 3973 commixtas
1155 3909 1233 3960 osse
1257 3887 1360 3984 atque
1389 3885 1554 3960 conflatas
1700 3885 1704 3892 ’

179 4040 255 4092 cum
269 4017 406 4116 placitis
421 4018 706 4118 philosophorum,
727 4019 882 4119 inprimis
896 4017 1195 4119 Pythagoreomm,
1219 4018 1278 4117 qui
1290 4041 1361 4092 rem
1373 4016 1551 4093 intellectu

179 4147 407 4236 difficiliorem,
422 4151 598 4228 illustrare
615 4150 727 4228 conati
744 4159 852 4230 eraut.
909 4150 1089 4230 Enimuero
1103 4154 1231 4230 coelum
1250 4145 1555 4250 philosophantis*

1104 4297 1134 4374 G
