3874 5010
590 349 769 373 „w-
831 317 853 396 γ
897 365 1081 382 ...ffl-

152 533 411 620 conditionariis
426 531 570 614 Platone
588 546 700 614 aetate
722 527 1079 638 proiectiorolittdris'
1092 535 1265 620 exaratum
1286 534 1532 625 existimcmdsr

151 675 250 772 Quod
273 701 333 750 car
355 671 404 750 ito'¹
428 669 634 767 statuamus,
667 695 729 770 age
752 668 870 752 ordine
891 673 1051 773 deinceps
1073 675 1122 750 ita
1147 704 1372 779 exponamus,
1402 691 1440 758 ut
1459 697 1530 758 rem

117 839 123 854 ·
152 818 423 908 arguraautorum
449 807 673 908 explicatione
694 805 828 904 planam
852 807 966 880 iacere
982 831 1151 884 cooeruur.

154 965 160 976 ’
176 936 180 945 ’
265 941 322 1016 ¹Et
335 933 626 1042 primumqaidora
641 941 693 1017 val
705 939 781 1013 idco
796 963 861 1012 nou
876 947 933 1014 ost
944 941 1106 1022 credibile
1113 941 1304 1021 Phaedrum
1323 954 1382 1020 aut
1396 949 1531 1022 omnino

150 1075 293 1174 primum
308 1071 418 1150 luisse
434 1075 561 1172 ingenii
572 1073 741 1147 Platonici
759 1073 869 1146 letum
877 1065 939 1158 aut
954 1074 1110 1148 iuuenilis
1126 1098 1249 1175 operae
1265 1078 1426 1172 fructum,
1447 1081 1530 1177 quia

14 1248 20 1262 ·
151 1209 210 1282 alii
236 1209 373 1307 plurimi
389 1216 508 1282 extant
531 1195 721 1304 philosophi
742 1207 843 1300 libri,
875 1197 1059 1307 quinoque
1072 1208 1117 1282 ad
1134 1209 1322 1308 sapientiae
1339 1211 1528 1289 ubertatem

150 1339 389 1438 doctrinaeque
413 1329 581 1440 copiam,
606 1363 715 1437 neque
739 1340 782 1412 ad
809 1341 913 1435 artis,
950 1335 1091 1440 quaein
1116 1367 1155 1416 oo
1183 1333 1329 1416 ma‘xima
1357 1343 1527 1442 splendet,

150 1465 410 1570 elegantiam'ac
426 1481 633 1548 venustatem
649 1473 720 1546 ulla¹
734 1495 776 1547 cx
792 1482 889 1573 parte
905 1499 978 1548 eum
997 1475 1057 1550 illo
1076 1476 1289 1575 comparandi
1306 1485 1397 1552 suot.
1456 1477 1528 1552 Etd

149 1607 441 1686 cuimcoosidorot
457 1607 553 1682 nohis
569 1607 694 1704 aliquis
708 1605 995 1706 Euthyphronem,
1015 1607 1216 1704 Lachetem,
1240 1609 1415 1706 Lysidem,
1433 1608 1529 1708 liip-

149 1740 253 1837 piom,
278 1737 504 1835 Charmidem,
520 1739 746 1833 Alcibiadem,
766 1737 962 1834 Meconem,
991 1743 1043 1815 vel
1059 1743 1160 1816 etiam
1175 1742 1312 1816 rnaioris
1329 1741 1527 1840 amplitudity

148 1869 203 1945 nis
221 1873 385 1971 dialogos,
403 1871 661 1972 Euthydemurn,
680 1869 864 1969 Cratylum,
882 1873 1117 1970 Protagoram,
1134 1901 1258 1974 eosque
1278 1900 1352 1953 com
1370 1873 1527 1948 Phaedro
1559 1917 1563 1924 =

16 2077 22 2092 ,,
148 2007 336 2104 paullisper
355 2005 554 2098 contendat,
580 2029 621 2078 ao
635 2005 739 2078 facile
756 1999 923 2104 reperiet,
956 2031 1036 2101 eos,
1068 2008 1217 2106 quamvis
1236 2016 1271 2082 et
1284 2007 1353 2107 ipsi
1371 2008 1527 2104 singula*

149 2161 205 2217 res
228 2138 295 2210 sihi
315 2133 458 2212 virtutes
475 2161 517 2212 ao
533 2138 652 2212 laudes
666 2146 846 2232 tueantur,
876 2147 989 2213 tamen
1012 2127 1292 2240 comparationem
1310 2165 1385 2216 cum
1407 2141 1526 2214 Phae*⁶

79 2369 89 2380 “
148 2271 208 2345 dro
224 2261 288 2346 hoc
301 2273 337 2344 iu
356 2266 480 2368 genera
495 2272 689 2369 nentiquam
708 2272 876 2352 sustinere
889 2294 1005 2371 posse.
1052 2273 1150 2367 Quod
1168 2297 1366 2372 quamquam
1381 2295 1525 2347 accura-

147 2402 234 2478 tiore
249 2403 379 2478 demum
396 2393 604 2500 singolorum
623 2405 777 2478 eramiae
792 2406 948 2480 instituto
966 2408 1068 2504 plane
1083 2405 1229 2502 intelligi
1239 2394 1381 2503 poterit,
1412 2414 1525 2478 tamon

147 2557 214 2608 non
238 2559 259 2609 a
279 2561 318 2610 re
342 2537 487 2610 alionum
512 2537 587 2610 iore
608 2545 786 2634 putamus,
825 2539 856 2610 si
877 2561 966 2611 nuuc
988 2538 1123 2635 singula
1146 2537 1310 2636 quaedam
1335 2537 1524 2622 sententiaa

147 2676 499 2766 roomoargammta
515 2669 552 2742 in
575 2659 718 2742 modium
733 2670 962 2750 attulerimus·
990 2701 999 2716 ‘
1083 2656 1086 2660 ⁵

85 2815 89 2822 ’
291 2793 346 2871 Uti
365 2801 471 2894 igitur
491 2809 569 2879 aute
596 2803 709 2874 omnia
730 2827 841 2900 pauca
862 2803 903 2876 de
925 2803 1049 2894 rebus,
1079 2827 1166 2898 qnae
1196 2812 1405 2892 tractantur,
1434 2795 1523 2898 ope&

148 2927 264 3026 risque
296 2930 438 3009 macria
466 2923 704 3017 disseramus,
722 2941 896 3018 quaecum
909 2931 1116 2998 emoriuntur·
1148 2932 1214 3000 hac
1241 2931 1277 3000 iu
1307 2937 1403 3026 parte
1434 2931 1525 3004 iuter

145 3055 338 3140 Phaedrum
362 3063 464 3152 atquc
483 3046 577 3147 ilios,
601 3043 685 3152 quos
707 3053 874 3148 diximus,
903 3055 1061 3154 dialogos
1078 3059 1287 3152 intercedat,
1314 3061 1367 3132 vel
1387 3083 1429 3133 cx
1453 3060 1521 3152 hisp

88 3233 91 3237 -
144 3189 293 3286 opinor,
322 3179 548 3286 perspicietur
572 3187 853 3270 luculentissime.
912 3187 1049 3264 Etenim
1069 3190 1247 3278 Phaedrus
1265 3192 1400 3290 ,quidem
1424 3193 1459 3266 in
1481 3197 1522 3267 ed

145 3309 347 3416 argumento
361 3311 561 3396 illustrando
578 3327 750 3414 uersatur,
781 3320 868 3419 quod
884 3309 1094 3398 hortantum
1114 3325 1156 3398 ad
1173 3347 1273 3398 unam
1288 3327 1436 3424 aliquam
1451 3343 1522 3400 reru

147 3441 289 3550 eamque
304 3453 462 3528 leviorem
479 3445 639 3546 colentur,
662 3451 720 3526 sed
736 3454 883 3552 pertinet
897 3455 1011 3552 potius
1025 3457 1069 3529 ad
1084 3456 1271 3530 uniuersam
1287 3456 1523 3556 philosophiae

145 3575 373 3681 disciplinam.
409 3574 629 3682 Propositum
648 3586 736 3683 anim
753 3587 821 3686 ipsi
835 3590 900 3662 hoc
913 3596 988 3682 ast,
1018 3575 1120 3664 sicuti
1139 3591 1207 3664 alio
1222 3591 1297 3664 loco
1314 3585 1522 3682 docebimus,

44 3773 54 3796 ,
142 3705 187 3789 *u't
206 3703 564 3816 totlosphilosophiaa
578 3719 690 3792 iontes
709 3720 860 3818 primarii
884 3721 1172 3815 demonstrentur,
1202 3712 1313 3822 positi
1327 3722 1380 3794 illi
1396 3714 1522 3820 partim

144 3849 183 3921 io
205 3840 318 3923 uativ'o
336 3849 476 3948 quodam
504 3841 608 3923 animi
626 3852 667 3928 ad
686 3853 816 3927 divinae
837 3853 1026 3953 sapientiae
1046 3845 1269 3952 coguitionem
1289 3856 1438 3953 impeta,
1464 3853 1522 3950 qui

145 3983 272 4055 amoma
295 3983 428 4057 nomine
452 3982 654 4080 insignitur,
684 3975 865 4081 partimin
888 3998 961 4062 arte
981 3977 1182 4083 dialectica,
1213 3979 1310 4062 cuius
1331 3987 1433 4061 unias
1456 4005 1522 4058 usa

144 4115 273 4192 meotis
300 4105 360 4190 illi
375 4103 539 4193 desiderio
565 4115 727 4190 satisfieri
752 4133 853 4216 posse
867 4120 1110 4218 significatur,
1148 4130 1250 4223 atquc
1277 4111 1393 4196 cadem
1417 4141 1521 4219 opera
