3874 5010
204 1493 280 1601 De
300 1521 487 1620 originibus
511 1523 622 1624 operis
645 1523 836 1618 Platonici,
869 1523 956 1622 quod
975 1522 1126 1598 Phaedri
1149 1521 1282 1597 uomina
1304 1519 1502 1619 inscriptum
1523 1531 1588 1616 est,

205 1657 313 1756 dequo
327 1657 490 1756 tompore,
512 1655 554 1729 ad
570 1658 659 1756 quod
677 1659 760 1731 illae
776 1648 974 1732 relerendae
995 1659 1082 1753 sint,
1112 1657 1177 1733 etsi
1195 1658 1333 1730 multum
1350 1677 1457 1753 nuper
1472 1679 1493 1728 a
1508 1655 1589 1730 virio

204 1791 314 1869 doctis
330 1791 365 1864 in
379 1791 489 1866 ramas
504 1791 838 1890 partesdisputatum
854 1799 928 1884 est,
961 1798 1073 1866 tamen
1088 1789 1232 1865 nondum
1251 1789 1427 1888 quisquam
1444 1787 1485 1861 ad
1502 1788 1590 1864 lunc

204 1947 312 2022 usqne
329 1923 416 1996 diem
434 1923 566 2016 extitit,
594 1924 651 2020 qni
675 1923 932 1997 controversiam
957 1923 1014 1996 diu
1036 1924 1197 2020 agitatam
1220 1924 1269 1997 ita
1292 1921 1464 1995 dirimeret
1488 1931 1589 2020 atque

204 2065 438 2155 componeret,
467 2064 506 2130 nt
520 2079 634 2129 omnes
651 2053 825 2140 dubitandi
842 2057 1099 2156 ambigendique
1115 2081 1258 2136 caussae
1273 2053 1409 2130 tandem
1424 2053 1465 2128 de
1480 2055 1589 2130 medio

50 2243 52 2252 ι
204 2191 416 2266 tollerentur.
455 2187 504 2264 Et
517 2195 629 2262 tamen
644 2196 684 2263 ut
697 2188 730 2261 id
747 2188 927 2288 aliquando
941 2189 1013 2285 fiat,
1039 2188 1137 2265 ualde
1154 2187 1333 2290 optandum
1349 2197 1413 2262 est.
1457 2187 1588 2264 Pendet

204 2324 295 2398 euim
312 2347 354 2397 ux
368 2323 470 2395 luins
486 2321 538 2394 rei
555 2321 792 2396 diiudicatione
811 2323 942 2421 plenior
959 2324 1214 2423 accuratiorqne
1229 2323 1345 2424 ipsius
1357 2321 1451 2396 illius
1471 2322 1590 2422 scripti

203 2453 450 2555 intelligentia,
485 2453 575 2554 quod
591 2453 660 2528 siue
674 2479 806 2548 rerum,
837 2455 974 2553 quaein
990 2445 1255 2550 eotractantur,¹
1278 2455 1408 2554 copiam
1425 2463 1460 2528 at
1472 2455 1590 2552 gravi-

206 2597 310 2664 tatem
328 2597 542 2690 spectamus,
573 2589 645 2663 sira
661 2588 911 2664 consideramus
928 2589 1012 2664 artis
1036 2597 1071 2664 at
1095 2587 1348 2688 compositionis
1373 2588 1588 2685 elegantiam,

206 2747 294 2820 quae
318 2723 355 2797 in
381 2747 421 2797 eo
445 2723 547 2822 plane
573 2729 627 2798 est
655 2721 884 2817 admirabili,
917 2723 1071 2822 prolecto
1094 2723 1194 2820 louge
1222 2721 1455 2818 dignissimum
1484 2721 1586 2800 rideri

154 2942 157 2949 Ι
206 2853 320 2947 debet,
347 2864 385 2927 ut
402 2855 511 2951 ipsius
533 2855 766 2954 interpretatio
787 2863 948 2954 quantum
962 2855 1037 2928 deri
1052 2856 1161 2954 possit
1174 2854 1372 2954 prodigatur
1387 2855 1590 2953 penitusque

205 2985 411 3060 absolvatur.
443 2984 629 3058 Praeterea
643 3011 721 3058 roro
737 2987 838 3058 etiam
856 3007 898 3058 ex
914 2985 1036 3058 notitia
1051 2993 1249 3085 temporum,
1275 2985 1396 3083 quibus
1410 2985 1588 3082 Phaedrus

207 3127 263 3196 est
290 3117 519 3218 compositus,
556 3117 649 3190 aliud
675 3117 756 3216 quid
776 3115 923 3215 intelligi
946 3125 1079 3217 potest,
1111 3117 1199 3217 quod
1222 3115 1264 3191 ad
1288 3115 1477 3192 nniversam
1500 3117 1589 3195 Pla-

207 3251 297 3325 tonio
321 3247 561 3332 rationem'ao
576 3233 790 3350 disciplinam
815 3241 1079 3346 cognoscendam
1103 3249 1381 3350 iudicandumque
1409 3252 1588 3352 plurimum

207 3387 366 3468 momenti
380 3387 494 3459 facere
509 3409 606 3460 nemo
621 3384 806 3480 negaverit.
836 3383 1018 3457 Illis-enim
1033 3383 1228 3480 diligentius
1243 3385 1427 3484 exploratis
1440 3388 1593 3462 certius--

209 3541 275 3615 que
290 3519 483 3594 constitutio
497 3520 598 3594 etiam
611 3515 655 3594 de
671 3516 724 3592 ria
740 3524 842 3614 atque
854 3515 989 3610 itinere,
1016 3515 1102 3614 quod
1118 3517 1336 3617 philosophus
1351 3518 1386 3591 in
1404 3519 1589 3594 excolenda

207 3648 477 3751 perficiendaque
490 3651 641 3726 doctrina
654 3675 716 3724 sua
729 3650 888 3744 tennerit,
902 3648 1010 3748 deque
1025 3650 1257 3725 coniunctione
1272 3675 1312 3725 ao
1325 3652 1587 3749 necessitudine,

150 3849 152 3854 ,
210 3807 277 3882 qua
293 3784 420 3883 scripta
436 3784 544 3882 ipsius
559 3785 648 3858 inter
663 3807 701 3858 sa
716 3783 964 3878 contineantur,
994 3785 1102 3859 tutius
1116 3783 1260 3859 iudicari
1275 3784 1406 3880 licebit,
1435 3787 1588 3886 quando-

212 3915 345 4017 quidem
362 3919 474 4019 prouti
491 3917 532 3992 de
547 3919 647 3992 luins
659 3917 741 3990 libri
752 3917 922 4000 natalibus
936 3916 1028 3990 rania
1042 3918 1148 3994 luerit
1164 3917 1406 4014 existimatum,
1422 3919 1471 3994 ita
1485 3922 1587 3994 etiarn

212 4045 254 4122 de
269 4049 324 4124 his
338 4053 440 4126 rebus
456 4051 656 4126 sententiam
670 4051 793 4126 variari
809 4051 909 4150 plane
924 4072 1064 4126 necesse
1081 4062 1147 4127 est.
1204 4051 1327 4150 Itaque
1342 4051 1460 4126 lurum
1476 4077 1587 4136 rerum

213 4179 396 4283 disputatio
415 4185 649 4286 utiqnedigua
667 4185 740 4259 risa
759 4192 831 4279 est,
858 4206 945 4281 quae
964 4183 1143 4286 aliquando
1160 4193 1363 4262 tractaretur
1379 4184 1587 4283 diligentins.
