3874 5010
806 291 1295 372 fflgffl.

352 517 565 611 ostendatur,
598 541 663 614 qua
684 513 815 590 ratione
840 512 910 588 uita
934 513 1140 610 eommunis,
1173 512 1357 590 emendetis
1388 520 1423 590 et
1446 515 1615 615 perlectis
1630 516 1732 596 rebus

252 720 254 725 .
354 655 526 747 affinibus,
555 674 667 726 amore
684 646 814 744 uulgari
831 654 931 744 atque
948 648 1130 742 rhetorica,
1158 647 1200 722 ad
1213 647 1458 746 philosophiae
1475 649 1609 724 laudern
1624 652 1733 726 uirtu-

355 801 490 885 temque
506 785 609 858 altius
630 783 748 864 extolli
763 787 864 877 atqua
879 779 973 854 evehi
988 788 1104 880 queat.
1157 777 1325 855 Sublimis
1343 805 1421 856 uero
1435 790 1536 880 atque
1555 775 1733 879 magnifiee
1762 819 1766 834 ·

355 923 432 1014 res,
458 941 556 1016 quera
579 924 692 990 temen
713 911 845 986 mireris
864 937 884 986 u
901 913 1075 1012 plerisque
1096 935 1223 1007 aurum,
1255 914 1313 1011 qui
1328 914 1365 988 in
1379 915 1468 1020 libro
1483 914 1734 1013 interpretando

356 1052 482 1130 uersati
497 1056 588 1142 sunt,
612 1047 806 1144 neutiquam
824 1068 902 1118 esse
916 1044 1193 1122 animaduersam.
1248 1045 1323 1120 Iam
1340 1047 1510 1144 veroquid
1526 1047 1579 1120 illi
1595 1047 1735 1146 dialogi,

317 1201 318 1204 ’
358 1209 441 1286 quos
461 1190 561 1258 antee
576 1175 822 1253 indicavimusi
858 1177 1024 1252 Nimirum
1047 1178 1106 1254 isti
1125 1177 1258 1276 quidem
1276 1179 1463 1252 uuiversum
1487 1180 1735 1279 philosophiam

358 1318 455 1394 nulla
476 1339 519 1388 ex
543 1321 640 1411 parte
665 1311 847 1408 attingunt.
904 1310 979 1385 Imo
1002 1311 1190 1386 subsistunt
1208 1311 1281 1384 lere
1298 1310 1335 1386 iu
1359 1311 1504 1410 singulis
1528 1313 1737 1410 singularum

358 1472 470 1526 rernm
487 1469 668 1544 earumque
689 1468 792 1542 saepe
812 1443 950 1518 exilium
971 1444 1239 1542 quaestionibus.
1276 1443 1457 1519 Rimantur
1476 1445 1566 1520 enim
1579 1447 1735 1545 vulgares

360 1585 518 1660 uirtutum
541 1580 694 1654 notiones
721 1576 763 1649 ed
787 1601 991 1652 communem
1015 1579 1184 1652 hominurn
1207 1584 1340 1676 neptum
1370 1578 1637 1670 accommodate3
1676 1605 1737 1654 ar·-

362 1725 468 1818 guunt
483 1715 536 1788 uel
558 1711 669 1785 rident
691 1733 882 1784 communes
906 1711 1065 1808 quosdam
1088 1719 1273 1811 temporum
1299 1734 1430 1784 errores
1453 1719 1555 1810 atque
1578 1711 1736 1804 staulam

360 1853 486 1941 fastum
497 1871 538 1920 ao
554 1845 747 1943 super-biam
762 1843 931 1916 hominurn
946 1867 1032 1917 uana
1049 1843 1237 1944 sapientiae
1252 1842 1409 1950 opinione
1423 1844 1612 1920 inflatorum
1627 1844 1738 1920 easti-

362 1990 462 2082 gunt3
490 1979 634 2076 denique
648 2001 705 2050 res
728 1976 764 2050 in
781 1949 1056 2074 disceptationem
1074 1984 1209 2051 venatus
1225 2001 1292 2050 non
1312 1977 1485 2050 illustrant
1500 1977 1571 2071 sie,
1597 1984 1635 2050 ut
1657 1974 1738 2074 quid
1768 2043 1771 2057 ,

362 2140 490 2207 uerum,
513 2110 591 2210 quid
607 2111 731 2184 falsum
749 2109 808 2201 sit,
835 2108 994 2182 subtilius
1010 2107 1182 2202 doceatur,
1211 2110 1346 2184 sedeas
1363 2110 1430 2184 huo
1445 2119 1479 2186 et
1490 2112 1572 2184 illue
1588 2117 1738 2202 versant,

298 2241 306 2257 '
362 2257 483 2322 utnon
498 2253 567 2318 tem
584 2243 627 2318 ed
646 2267 761 2318 earum
779 2239 1038 2336 intelligentium
1058 2240 1299 2348 perducamur,
1328 2265 1426 2339 quam
1445 2235 1481 2316 in
1497 2240 1739 2318 dubitationem
1880 2316 1882 2333 ,

364 2379 510 2458 eonieeti
524 2377 566 2452 ad
583 2377 653 2452 ueri
671 2373 868 2473 exquirendi
884 2373 1030 2448 studium
1045 2374 1242 2450 excitemur.
1302 2375 1410 2468 Quum
1428 2373 1559 2472 quidem
1574 2374 1739 2452 resonem
1798 2353 1806 2364 ¹

366 2513 513 2612 quisset
532 2510 612 2607 quin
635 2515 754 2608 sponte
768 2504 1010 2582 animaduertat
1023 2507 1174 2605 proxime
1191 2506 1351 2582 eeeedere
1372 2507 1415 2580 ad
1432 2505 1644 2582 Socratioam
1665 2505 1740 2580 dis·
1834 2583 1843 2596 ,

365 2643 500 2719 serendi
523 2641 774 2738 simplieitatem
796 2639 832 2711 in
846 2637 1082 2737 Xenophontis
1105 2639 1205 2712 libris
1226 2639 1454 2716 adumbratum
1479 2648 1514 2715 et
1530 2661 1739 2738 expressero,

353 2775 563 2874 longissime
578 2775 729 2868 preleeto
746 2774 978 2847 abhorrentem
1003 2771 1097 2844 illam
1113 2772 1155 2844 ab
1172 2795 1213 2846 ea
1227 2774 1379 2868 ratione,
1412 2797 1516 2872 quern
1535 2772 1571 2846 in
1584 2768 1745 2883 Phaedro

365 2927 509 3002 regnare
531 2901 706 2974 uidemus?
766 2900 838 2978 Sed
862 2927 964 2993 quum
988 2902 1045 2966 luis.
1072 2905 1161 2976 liber
1184 2903 1253 2978 iam
1272 2906 1428 2980 uniuerso
1453 2911 1670 3004 argumento,
1702 2901 1741 2980 iu

369 3063 435 3138 quo
458 3030 633 3110 tractando
659 3035 833 3121 uersatur,
873 3026 997 3100 ceteris
1023 3051 1116 3124 quos.
1137 3025 1284 3100 diximus
1309 3027 1454 3126 dialogis
1480 3029 1599 3104 mirum
1628 3051 1740 3126 quan·
1861 3042 1863 3046 “

367 3179 439 3245 tum
465 3165 667 3256 antecellat,
704 3171 774 3236 tum
799 3159 900 3237 etiem
923 3159 1130 3256 singulorum
1158 3159 1381 3259 placitorum,
1412 3178 1498 3260 quae
1527 3161 1566 3240 in
1590 3184 1631 3236 eu
1654 3160 1743 3234 illn-

369 3308 534 3394 struntur,
561 3321 603 3372 ea
616 3295 704 3370 ratio
721 3301 787 3386 est,
809 3299 846 3366 ut
862 3289 953 3386 inde,
983 3301 1143 3392 quantum
1161 3293 1349 3391 rapientium
1365 3294 1519 3368 ubertate
1533 3317 1648 3368 omnes
1662 3293 1743 3374 illos

371 3439 528 3532 superat,
555 3425 826 3538 luculentissima·
848 3433 1022 3524 appareat.
1078 3425 1302 3522 Attinguntur
1323 3425 1412 3500 enim
1433 3426 1469 3500 in
1491 3451 1530 3502 eo
1551 3425 1744 3526 grauissimi
1881 3426 1885 3439 '

371 3566 497 3666 quique
516 3561 750 3662 philosophiae
770 3560 859 3654 loei,
899 3585 1037 3658 quorum
1061 3558 1118 3634 uix
1143 3557 1322 3654 uestigium
1350 3558 1479 3666 inillis
1503 3557 1742 3658 deprehendas

371 3697 461 3778 Nam
476 3695 628 3802 doctrina
645 3691 778 3792 quidem
800 3691 842 3764 de
862 3692 970 3785 ideis,
1000 3715 1066 3788 qua
1086 3698 1255 3788 tamquam
1278 3690 1493 3766 fundamento
1507 3691 1648 3790 quedam
1661 3689 1744 3767 uni-

373 3855 490 3907 uersae
504 3827 692 3928 sapientiae
708 3825 907 3900 Platonicae
922 3822 1109 3904 aedilicium
1125 3824 1263 3918 nititur,
1292 3825 1349 3900 laio
1363 3833 1430 3899 tarn
1446 3826 1548 3932 plena
1563 3833 1598 3900 et
1612 3824 1746 3920 integra

353 4016 354 4022 κ
375 3973 488 4058 extat,
518 3969 558 4040 ut
574 3961 611 4036 in
623 3960 724 4038 ¹uullo
742 3959 810 4034 alio
827 3957 954 4056 scriptu
973 3957 1092 4054 magis.
1129 3955 1261 4032 Eadem
1280 3981 1358 4032 vero
1378 3957 1415 4032 in
1434 3957 1504 4034 illis
1523 3957 1745 4044 sermonibus,
1883 4006 1886 4019 .

375 4097 574 4196 quibustuae
588 4093 739 4170 Phaedri
761 4091 929 4176 eontentio
949 4098 1022 4186 eet,
1051 4091 1151 4192 plane
1171 4059 1401 4188 desideretur,
1424 4089 1589 4190 siquidem
1610 4091 1660 4165 ibi
1673 4091 1747 4164 fere
1884 4044 1887 4119 ἶ
