<?xml version="1.0" encoding="UTF-8"?>
<!DOCTYPE html PUBLIC "-//W3C//DTD XHTML 1.0 Transitional//EN"
    "http://www.w3.org/TR/xhtml1/DTD/xhtml1-transitional.dtd">
<html xmlns="http://www.w3.org/1999/xhtml" xml:lang="en" lang="en">
 <head>
  <title>
</title>
<meta http-equiv="Content-Type" content="text/html;charset=utf-8" />
  <meta name='ocr-system' content='tesseract 3.04.00' />
  <meta name='ocr-capabilities' content='ocr_page ocr_carea ocr_par ocr_line ocrx_word'/>
</head>
<body>
  <div class='ocr_page' id='page_1' title='image "./deprimordiispha00stalgoog_0011.png"; bbox 0 0 3874 5010; ppageno 0'>
   <div class='ocr_carea' id='block_1_1' title="bbox 830 281 1296 360">
    <p class='ocr_par' dir='ltr' id='par_1_1' title="bbox 830 281 1296 360">
     <span class='ocr_line' id='line_1_1' title="bbox 830 281 1296 360; baseline 0.009 -23"><span class='ocrx_word' id='word_1_1' title='bbox 830 281 1296 360; x_wconf 67' lang='grc'>.......4,......,</span> 
     </span>
    </p>
   </div>
   <div class='ocr_carea' id='block_1_2' title="bbox 372 503 1754 1537">
    <p class='ocr_par' dir='ltr' id='par_1_2' title="bbox 372 503 1754 1537">
     <span class='ocr_line' id='line_1_2' title="bbox 372 503 1749 604; baseline 0.002 -24"><span class='ocrx_word' id='word_1_2' title='bbox 372 504 571 580; x_wconf 86' lang='lat' dir='ltr'>sententiam</span> <span class='ocrx_word' id='word_1_3' title='bbox 587 530 681 580; x_wconf 90' lang='lat' dir='ltr'>snam</span> <span class='ocrx_word' id='word_1_4' title='bbox 698 505 902 604; x_wconf 77' lang='lat' dir='ltr'><strong>argumentis</strong></span> <span class='ocrx_word' id='word_1_5' title='bbox 919 527 1080 604; x_wconf 79' lang='lat' dir='ltr'><strong>perquam</strong></span> <span class='ocrx_word' id='word_1_6' title='bbox 1097 512 1197 580; x_wconf 84' lang='lat' dir='ltr'>acnto</span> <span class='ocrx_word' id='word_1_7' title='bbox 1211 503 1413 602; x_wconf 69' lang='lat' dir='ltr'>excogitatis</span> <span class='ocrx_word' id='word_1_8' title='bbox 1430 505 1625 582; x_wconf 84' lang='lat' dir='ltr'>confirmare</span> <span class='ocrx_word' id='word_1_9' title='bbox 1641 531 1749 582; x_wconf 84' lang='lat' dir='ltr'>eoue-</span> 
     </span>
     <span class='ocr_line' id='line_1_3' title="bbox 373 638 1749 738; baseline 0.004 -26"><span class='ocrx_word' id='word_1_10' title='bbox 373 648 428 712; x_wconf 91' lang='lat' dir='ltr'>tus</span> <span class='ocrx_word' id='word_1_11' title='bbox 451 648 516 715; x_wconf 89' lang='lat' dir='ltr'>est.</span> <span class='ocrx_word' id='word_1_12' title='bbox 575 641 690 738; x_wconf 78' lang='lat' dir='ltr'>Atque</span> <span class='ocrx_word' id='word_1_13' title='bbox 710 640 746 712; x_wconf 92' lang='lat' dir='ltr'>in</span> <span class='ocrx_word' id='word_1_14' title='bbox 764 638 864 712; x_wconf 92' lang='lat' dir='ltr'>huius</span> <span class='ocrx_word' id='word_1_15' title='bbox 883 647 997 736; x_wconf 89' lang='lat' dir='ltr'>portes</span> <span class='ocrx_word' id='word_1_16' title='bbox 1018 662 1232 737; x_wconf 66' lang='lat' dir='ltr'>unoquoque</span> <span class='ocrx_word' id='word_1_17' title='bbox 1249 639 1329 714; x_wconf 87' lang='lat' dir='ltr'>olins</span> <span class='ocrx_word' id='word_1_18' title='bbox 1343 640 1573 714; x_wconf 73' lang='lat' dir='ltr'>concessimus</span> <span class='ocrx_word' id='word_1_19' title='bbox 1589 641 1749 738; x_wconf 75' lang='lat' dir='ltr'>Prologg.</span> 
     </span>
     <span class='ocr_line' id='line_1_4' title="bbox 373 770 1750 873; baseline -0.003 -21"><span class='ocrx_word' id='word_1_20' title='bbox 373 772 416 852; x_wconf 76' lang='lat' dir='ltr'>nd</span> <span class='ocrx_word' id='word_1_21' title='bbox 432 772 524 872; x_wconf 91' lang='lat' dir='ltr'>Opp.</span> <span class='ocrx_word' id='word_1_22' title='bbox 540 773 634 848; x_wconf 90' lang='lat' dir='ltr'>Plat.</span> <span class='ocrx_word' id='word_1_23' title='bbox 649 771 729 848; x_wconf 88' lang='lat' dir='ltr'>Vol.</span> <span class='ocrx_word' id='word_1_24' title='bbox 746 771 779 848; x_wconf 92' lang='grc' dir='ltr'>Ι.</span> <span class='ocrx_word' id='word_1_25' title='bbox 793 798 828 870; x_wconf 93' lang='lat' dir='ltr'>p.</span> <span class='ocrx_word' id='word_1_26' title='bbox 847 772 1035 846; x_wconf 88' lang='lat' dir='ltr'>XXXIII.</span> <span class='ocrx_word' id='word_1_27' title='bbox 1052 797 1126 872; x_wconf 82' lang='lat' dir='ltr'>sqq.</span> <span class='ocrx_word' id='word_1_28' title='bbox 1144 780 1178 846; x_wconf 90' lang='lat' dir='ltr'>ct</span> <span class='ocrx_word' id='word_1_29' title='bbox 1191 770 1345 846; x_wconf 84' lang='lat' dir='ltr'>Proclat.</span> <span class='ocrx_word' id='word_1_30' title='bbox 1366 770 1407 846; x_wconf 92' lang='lat' dir='ltr'>ad</span> <span class='ocrx_word' id='word_1_31' title='bbox 1425 772 1572 848; x_wconf 76' lang='lat' dir='ltr'>Plr&#39;aedr.</span> <span class='ocrx_word' id='word_1_32' title='bbox 1587 799 1623 873; x_wconf 95' lang='lat' dir='ltr'>p.</span> <span class='ocrx_word' id='word_1_33' title='bbox 1641 773 1750 848; x_wconf 86' lang='lat' dir='ltr'>XIX.</span> 
     </span>
     <span class='ocr_line' id='line_1_5' title="bbox 375 903 1753 1004; baseline 0 -24"><span class='ocrx_word' id='word_1_34' title='bbox 375 931 450 1004; x_wconf 85' lang='lat' dir='ltr'>sqq.</span> <span class='ocrx_word' id='word_1_35' title='bbox 496 905 572 982; x_wconf 87' lang='lat' dir='ltr'>Nec</span> <span class='ocrx_word' id='word_1_36' title='bbox 591 931 667 981; x_wconf 79' lang='lat' dir='ltr'>nero</span> <span class='ocrx_word' id='word_1_37' title='bbox 684 905 786 980; x_wconf 88' lang='lat' dir='ltr'>buius</span> <span class='ocrx_word' id='word_1_38' title='bbox 802 930 864 980; x_wconf 92' lang='lat' dir='ltr'>nos</span> <span class='ocrx_word' id='word_1_39' title='bbox 882 905 1001 980; x_wconf 91' lang='lat' dir='ltr'>iudicii</span> <span class='ocrx_word' id='word_1_40' title='bbox 1017 905 1126 980; x_wconf 81' lang='lat' dir='ltr'>nostri</span> <span class='ocrx_word' id='word_1_41' title='bbox 1141 927 1230 980; x_wconf 90' lang='lat' dir='ltr'>nunc</span> <span class='ocrx_word' id='word_1_42' title='bbox 1250 905 1319 980; x_wconf 94' lang='lat' dir='ltr'>ullo</span> <span class='ocrx_word' id='word_1_43' title='bbox 1335 903 1432 980; x_wconf 91' lang='lat' dir='ltr'>modo</span> <span class='ocrx_word' id='word_1_44' title='bbox 1448 907 1619 1004; x_wconf 89' lang='lat' dir='ltr'>poenitet,</span> <span class='ocrx_word' id='word_1_45' title='bbox 1650 930 1753 1004; x_wconf 88' lang='lat' dir='ltr'>proe-</span> 
     </span>
     <span class='ocr_line' id='line_1_6' title="bbox 376 1037 1752 1138; baseline 0 -26"><span class='ocrx_word' id='word_1_46' title='bbox 376 1039 491 1112; x_wconf 89' lang='lat' dir='ltr'>scrtim</span> <span class='ocrx_word' id='word_1_47' title='bbox 515 1065 615 1138; x_wconf 87' lang='lat' dir='ltr'>quum</span> <span class='ocrx_word' id='word_1_48' title='bbox 638 1039 736 1114; x_wconf 87' lang='lat' dir='ltr'>nobis</span> <span class='ocrx_word' id='word_1_49' title='bbox 759 1038 861 1134; x_wconf 85' lang='lat' dir='ltr'>etiam</span> <span class='ocrx_word' id='word_1_50' title='bbox 883 1037 1081 1136; x_wconf 90' lang='lat' dir='ltr'>adstipulati</span> <span class='ocrx_word' id='word_1_51' title='bbox 1104 1037 1173 1112; x_wconf 91' lang='lat' dir='ltr'>sint</span> <span class='ocrx_word' id='word_1_52' title='bbox 1195 1037 1256 1110; x_wconf 88' lang='lat' dir='ltr'>uiri</span> <span class='ocrx_word' id='word_1_53' title='bbox 1278 1038 1489 1134; x_wconf 81' lang='lat' dir='ltr'>grauissimi,</span> <span class='ocrx_word' id='word_1_54' title='bbox 1520 1037 1616 1114; x_wconf 83' lang='lat' dir='ltr'>Gor.</span> <span class='ocrx_word' id='word_1_55' title='bbox 1635 1037 1752 1114; x_wconf 78' lang='lat' dir='ltr'>Frid.</span> 
     </span>
     <span class='ocr_line' id='line_1_7' title="bbox 375 1169 1752 1270; baseline 0.001 -24"><span class='ocrx_word' id='word_1_56' title='bbox 375 1172 648 1246; x_wconf 71' lang='lat' dir='ltr'>normannus</span> <span class='ocrx_word' id='word_1_57' title='bbox 671 1172 804 1248; x_wconf 87' lang='lat' dir='ltr'>Hister.</span> <span class='ocrx_word' id='word_1_58' title='bbox 819 1170 951 1244; x_wconf 85' lang='lat' dir='ltr'>Plrilos.</span> <span class='ocrx_word' id='word_1_59' title='bbox 966 1170 1104 1246; x_wconf 88' lang='lat' dir='ltr'>Platon.</span> <span class='ocrx_word' id='word_1_60' title='bbox 1122 1169 1201 1246; x_wconf 81' lang='lat' dir='ltr'>Vol.</span> <span class='ocrx_word' id='word_1_61' title='bbox 1217 1170 1251 1246; x_wconf 99' lang='grc' dir='ltr'>Ι.</span> <span class='ocrx_word' id='word_1_62' title='bbox 1273 1195 1308 1269; x_wconf 94' lang='lat' dir='ltr'>p.</span> <span class='ocrx_word' id='word_1_63' title='bbox 1327 1169 1424 1246; x_wconf 85' lang='lat'>514.</span> <span class='ocrx_word' id='word_1_64' title='bbox 1442 1197 1518 1270; x_wconf 85' lang='lat' dir='ltr'>sqq.</span> <span class='ocrx_word' id='word_1_65' title='bbox 1536 1187 1539 1199; x_wconf 86' lang='lat'>&#39;</span> <span class='ocrx_word' id='word_1_66' title='bbox 1571 1171 1657 1248; x_wconf 87' lang='lat' dir='ltr'>Grc</span> <span class='ocrx_word' id='word_1_67' title='bbox 1664 1195 1752 1268; x_wconf 81' lang='lat' dir='ltr'>gor.</span> 
     </span>
     <span class='ocr_line' id='line_1_8' title="bbox 376 1301 1754 1404; baseline 0.001 -26"><span class='ocrx_word' id='word_1_68' title='bbox 376 1304 619 1380; x_wconf 85' lang='lat' dir='ltr'>Nitscbins</span> <span class='ocrx_word' id='word_1_69' title='bbox 647 1305 813 1404; x_wconf 86' lang='lat' dir='ltr'>Praepar.</span> <span class='ocrx_word' id='word_1_70' title='bbox 836 1302 878 1376; x_wconf 89' lang='lat' dir='ltr'>ad</span> <span class='ocrx_word' id='word_1_71' title='bbox 901 1303 1049 1378; x_wconf 87' lang='lat' dir='ltr'>Plracdr.</span> <span class='ocrx_word' id='word_1_72' title='bbox 1070 1305 1168 1378; x_wconf 90' lang='lat' dir='ltr'>Part.</span> <span class='ocrx_word' id='word_1_73' title='bbox 1192 1301 1226 1376; x_wconf 92' lang='grc' dir='ltr'>Ι.</span> <span class='ocrx_word' id='word_1_74' title='bbox 1252 1327 1287 1400; x_wconf 94' lang='lat' dir='ltr'>p.</span> <span class='ocrx_word' id='word_1_75' title='bbox 1314 1304 1353 1378; x_wconf 84' lang='lat'>7.</span> <span class='ocrx_word' id='word_1_76' title='bbox 1376 1330 1453 1404; x_wconf 84' lang='lat' dir='ltr'>sqq.</span> <span class='ocrx_word' id='word_1_77' title='bbox 1497 1305 1532 1380; x_wconf 95' lang='lat' dir='ltr'>I.</span> <span class='ocrx_word' id='word_1_78' title='bbox 1557 1304 1754 1381; x_wconf 79' lang='lat' dir='ltr'>Baclrius</span> 
     </span>
     <span class='ocr_line' id='line_1_9' title="bbox 378 1433 1754 1537; baseline 0.001 -27"><span class='ocrx_word' id='word_1_79' title='bbox 378 1433 497 1512; x_wconf 87' lang='lat' dir='ltr'>Sobel.</span> <span class='ocrx_word' id='word_1_80' title='bbox 514 1437 681 1537; x_wconf 85' lang='lat' dir='ltr'>Hypomn.</span> <span class='ocrx_word' id='word_1_81' title='bbox 696 1436 777 1512; x_wconf 89' lang='lat' dir='ltr'>Vol.</span> <span class='ocrx_word' id='word_1_82' title='bbox 793 1437 868 1510; x_wconf 90' lang='lat'>111.</span> <span class='ocrx_word' id='word_1_83' title='bbox 884 1463 919 1536; x_wconf 93' lang='lat' dir='ltr'>p.</span> <span class='ocrx_word' id='word_1_84' title='bbox 935 1436 1003 1512; x_wconf 83' lang='lat'>37.</span> <span class='ocrx_word' id='word_1_85' title='bbox 1020 1462 1110 1535; x_wconf 65' lang='lat' dir='ltr'>sqq,</span> <span class='ocrx_word' id='word_1_86' title='bbox 1135 1435 1207 1528; x_wconf 91' lang='lat' dir='ltr'>alii,</span> <span class='ocrx_word' id='word_1_87' title='bbox 1225 1459 1364 1533; x_wconf 86' lang='lat' dir='ltr'>quorum</span> <span class='ocrx_word' id='word_1_88' title='bbox 1380 1437 1613 1515; x_wconf 82' lang='lat' dir='ltr'>auctoritatem</span> <span class='ocrx_word' id='word_1_89' title='bbox 1630 1438 1680 1514; x_wconf 86' lang='lat' dir='ltr'>ito</span> <span class='ocrx_word' id='word_1_90' title='bbox 1694 1461 1754 1511; x_wconf 88' lang='lat' dir='ltr'>re·</span> 
     </span>
    </p>
   </div>
   <div class='ocr_carea' id='block_1_3' title="bbox 378 1561 1757 1670">
    <p class='ocr_par' dir='ltr' id='par_1_3' title="bbox 378 1561 1757 1670">
     <span class='ocr_line' id='line_1_10' title="bbox 378 1561 1757 1670; baseline 0.001 -26"><span class='ocrx_word' id='word_1_91' title='bbox 378 1594 552 1664; x_wconf 79' lang='lat' dir='ltr'>veremur,</span> <span class='ocrx_word' id='word_1_92' title='bbox 581 1561 620 1648; x_wconf 87' lang='lat' dir='ltr'>ut</span> <span class='ocrx_word' id='word_1_93' title='bbox 640 1593 713 1646; x_wconf 83' lang='lat' dir='ltr'>eam</span> <span class='ocrx_word' id='word_1_94' title='bbox 733 1570 887 1670; x_wconf 85' lang='lat' dir='ltr'>plurimis</span> <span class='ocrx_word' id='word_1_95' title='bbox 904 1569 1120 1668; x_wconf 89' lang='lat' dir='ltr'>plurimorum</span> <span class='ocrx_word' id='word_1_96' title='bbox 1143 1569 1344 1646; x_wconf 79' lang='lat' dir='ltr'>testimoniis</span> <span class='ocrx_word' id='word_1_97' title='bbox 1364 1578 1455 1646; x_wconf 88' lang='lat' dir='ltr'>corto</span> <span class='ocrx_word' id='word_1_98' title='bbox 1474 1597 1590 1670; x_wconf 87' lang='lat' dir='ltr'>parem</span> <span class='ocrx_word' id='word_1_99' title='bbox 1608 1571 1757 1646; x_wconf 85' lang='lat' dir='ltr'>arbitre-</span> 
     </span>
    </p>
   </div>
   <div class='ocr_carea' id='block_1_4' title="bbox 379 1701 1759 2075">
    <p class='ocr_par' dir='ltr' id='par_1_4' title="bbox 379 1701 1759 2075">
     <span class='ocr_line' id='line_1_11' title="bbox 379 1701 1758 1802; baseline -0.002 -23"><span class='ocrx_word' id='word_1_100' title='bbox 379 1731 465 1779; x_wconf 88' lang='lat' dir='ltr'>mur.</span> <span class='ocrx_word' id='word_1_101' title='bbox 510 1703 751 1778; x_wconf 86' lang='lat' dir='ltr'>Verumtamen</span> <span class='ocrx_word' id='word_1_102' title='bbox 769 1727 869 1802; x_wconf 84' lang='lat' dir='ltr'>quum</span> <span class='ocrx_word' id='word_1_103' title='bbox 886 1703 1077 1781; x_wconf 86' lang='lat' dir='ltr'>etiamnunc</span> <span class='ocrx_word' id='word_1_104' title='bbox 1091 1701 1323 1801; x_wconf 89' lang='lat' dir='ltr'>reperiantur,</span> <span class='ocrx_word' id='word_1_105' title='bbox 1352 1703 1410 1800; x_wconf 85' lang='lat' dir='ltr'>qni</span> <span class='ocrx_word' id='word_1_106' title='bbox 1423 1704 1486 1776; x_wconf 83' lang='lat' dir='ltr'>rim</span> <span class='ocrx_word' id='word_1_107' title='bbox 1502 1729 1543 1778; x_wconf 88' lang='lat' dir='ltr'>ao</span> <span class='ocrx_word' id='word_1_108' title='bbox 1556 1711 1758 1778; x_wconf 86' lang='lat' dir='ltr'>momontum</span> 
     </span>
     <span class='ocr_line' id='line_1_12' title="bbox 381 1833 1758 1935; baseline 0 -25"><span class='ocrx_word' id='word_1_109' title='bbox 381 1839 562 1931; x_wconf 85' lang='lat' dir='ltr'>rationum,</span> <span class='ocrx_word' id='word_1_110' title='bbox 586 1838 707 1935; x_wconf 83' lang='lat' dir='ltr'>quibus</span> <span class='ocrx_word' id='word_1_111' title='bbox 723 1861 846 1910; x_wconf 88' lang='lat' dir='ltr'>caussa</span> <span class='ocrx_word' id='word_1_112' title='bbox 860 1845 977 1912; x_wconf 90' lang='lat' dir='ltr'>nostra</span> <span class='ocrx_word' id='word_1_113' title='bbox 991 1843 1211 1929; x_wconf 82' lang='lat' dir='ltr'>sustentetur,</span> <span class='ocrx_word' id='word_1_114' title='bbox 1236 1833 1416 1932; x_wconf 87' lang='lat' dir='ltr'>aliquando</span> <span class='ocrx_word' id='word_1_115' title='bbox 1430 1835 1466 1910; x_wconf 94' lang='lat' dir='ltr'>in</span> <span class='ocrx_word' id='word_1_116' title='bbox 1480 1837 1665 1910; x_wconf 86' lang='lat' dir='ltr'>illustriore</span> <span class='ocrx_word' id='word_1_117' title='bbox 1679 1837 1758 1910; x_wconf 86' lang='lat' dir='ltr'>luco</span> 
     </span>
     <span class='ocr_line' id='line_1_13' title="bbox 382 1967 1759 2075; baseline -0.001 -29"><span class='ocrx_word' id='word_1_118' title='bbox 382 1973 584 2075; x_wconf 82' lang='lat' dir='ltr'>collocatum</span> <span class='ocrx_word' id='word_1_119' title='bbox 601 1970 759 2068; x_wconf 78' lang='lat' dir='ltr'>cupiant,</span> <span class='ocrx_word' id='word_1_120' title='bbox 788 1971 1009 2044; x_wconf 81' lang='lat' dir='ltr'>nauclerum</span> <span class='ocrx_word' id='word_1_121' title='bbox 1026 1967 1204 2070; x_wconf 84' lang='lat' dir='ltr'>desideriis</span> <span class='ocrx_word' id='word_1_122' title='bbox 1218 1993 1279 2065; x_wconf 91' lang='lat' dir='ltr'>pro</span> <span class='ocrx_word' id='word_1_123' title='bbox 1294 1967 1420 2042; x_wconf 85' lang='lat' dir='ltr'>uiribus</span> <span class='ocrx_word' id='word_1_124' title='bbox 1437 1970 1637 2044; x_wconf 81' lang='lat' dir='ltr'>satisfacere</span> <span class='ocrx_word' id='word_1_125' title='bbox 1652 1994 1759 2044; x_wconf 88' lang='lat' dir='ltr'>conc·</span> 
     </span>
    </p>
   </div>
   <div class='ocr_carea' id='block_1_5' title="bbox 382 2099 1921 2202">
    <p class='ocr_par' dir='ltr' id='par_1_5' title="bbox 382 2099 1921 2202">
     <span class='ocr_line' id='line_1_14' title="bbox 382 2099 1921 2202; baseline 0.001 -26"><span class='ocrx_word' id='word_1_126' title='bbox 382 2105 505 2178; x_wconf 89' lang='lat' dir='ltr'>bimur.</span> <span class='ocrx_word' id='word_1_127' title='bbox 563 2103 607 2178; x_wconf 91' lang='lat' dir='ltr'>In</span> <span class='ocrx_word' id='word_1_128' title='bbox 630 2130 695 2202; x_wconf 90' lang='lat' dir='ltr'>qun</span> <span class='ocrx_word' id='word_1_129' title='bbox 717 2103 923 2178; x_wconf 79' lang='lat' dir='ltr'>versabimur</span> <span class='ocrx_word' id='word_1_130' title='bbox 945 2103 1016 2196; x_wconf 85' lang='lat' dir='ltr'>sic,</span> <span class='ocrx_word' id='word_1_131' title='bbox 1045 2109 1083 2176; x_wconf 91' lang='lat' dir='ltr'>nt</span> <span class='ocrx_word' id='word_1_132' title='bbox 1107 2101 1171 2194; x_wconf 88' lang='lat' dir='ltr'>iis,</span> <span class='ocrx_word' id='word_1_133' title='bbox 1201 2124 1288 2198; x_wconf 87' lang='lat' dir='ltr'>qnae</span> <span class='ocrx_word' id='word_1_134' title='bbox 1303 2099 1372 2173; x_wconf 88' lang='lat' dir='ltr'>iam</span> <span class='ocrx_word' id='word_1_135' title='bbox 1389 2100 1472 2173; x_wconf 92' lang='lat' dir='ltr'>alibi</span> <span class='ocrx_word' id='word_1_136' title='bbox 1487 2102 1678 2176; x_wconf 88' lang='lat' dir='ltr'>accuratius</span> <span class='ocrx_word' id='word_1_137' title='bbox 1695 2127 1762 2178; x_wconf 83' lang='lat' dir='ltr'>nx·</span> <span class='ocrx_word' id='word_1_138' title='bbox 1920 2135 1921 2146; x_wconf 48' lang='lat'>¹</span> 
     </span>
    </p>
   </div>
   <div class='ocr_carea' id='block_1_6' title="bbox 385 2232 1761 2336">
    <p class='ocr_par' dir='ltr' id='par_1_6' title="bbox 385 2232 1761 2336">
     <span class='ocr_line' id='line_1_15' title="bbox 385 2232 1761 2336; baseline -0.002 -24"><span class='ocrx_word' id='word_1_139' title='bbox 385 2237 499 2336; x_wconf 90' lang='lat' dir='ltr'>posita</span> <span class='ocrx_word' id='word_1_140' title='bbox 521 2246 620 2330; x_wconf 89' lang='lat' dir='ltr'>suut,</span> <span class='ocrx_word' id='word_1_141' title='bbox 640 2244 711 2318; x_wconf 85' lang='lat' dir='ltr'>ont</span> <span class='ocrx_word' id='word_1_142' title='bbox 723 2236 855 2312; x_wconf 87' lang='lat' dir='ltr'>omnino</span> <span class='ocrx_word' id='word_1_143' title='bbox 869 2234 1117 2335; x_wconf 82' lang='lat' dir='ltr'>praetermissis</span> <span class='ocrx_word' id='word_1_144' title='bbox 1131 2241 1191 2310; x_wconf 82' lang='lat' dir='ltr'>cut</span> <span class='ocrx_word' id='word_1_145' title='bbox 1208 2239 1300 2309; x_wconf 86' lang='lat' dir='ltr'>certe</span> <span class='ocrx_word' id='word_1_146' title='bbox 1315 2232 1449 2306; x_wconf 84' lang='lat' dir='ltr'>brevius</span> <span class='ocrx_word' id='word_1_147' title='bbox 1463 2235 1668 2312; x_wconf 76' lang='lat' dir='ltr'>nectariam</span> <span class='ocrx_word' id='word_1_148' title='bbox 1689 2235 1761 2310; x_wconf 92' lang='lat' dir='ltr'>illis</span> 
     </span>
    </p>
   </div>
   <div class='ocr_carea' id='block_1_7' title="bbox 381 2365 1921 2468">
    <p class='ocr_par' dir='ltr' id='par_1_7' title="bbox 381 2365 1921 2468">
     <span class='ocr_line' id='line_1_16' title="bbox 381 2365 1921 2468; baseline -0.003 -26"><span class='ocrx_word' id='word_1_149' title='bbox 381 2370 596 2468; x_wconf 89' lang='lat' dir='ltr'>potissimum</span> <span class='ocrx_word' id='word_1_150' title='bbox 612 2370 822 2445; x_wconf 81' lang='lat' dir='ltr'>illustrandis</span> <span class='ocrx_word' id='word_1_151' title='bbox 837 2395 1097 2463; x_wconf 80' lang='lat' dir='ltr'>commoremur,</span> <span class='ocrx_word' id='word_1_152' title='bbox 1121 2391 1213 2467; x_wconf 82' lang='lat' dir='ltr'>qnae</span> <span class='ocrx_word' id='word_1_153' title='bbox 1230 2365 1381 2466; x_wconf 88' lang='lat' dir='ltr'>pleniore</span> <span class='ocrx_word' id='word_1_154' title='bbox 1394 2374 1496 2466; x_wconf 85' lang='lat' dir='ltr'>atquc</span> <span class='ocrx_word' id='word_1_155' title='bbox 1509 2369 1762 2447; x_wconf 80' lang='lat' dir='ltr'>subtiliorcar-</span> <span class='ocrx_word' id='word_1_156' title='bbox 1920 2415 1921 2438; x_wconf 56' lang='lat'>2</span> 
     </span>
    </p>
   </div>
   <div class='ocr_carea' id='block_1_8' title="bbox 317 2502 1765 4214">
    <p class='ocr_par' dir='ltr' id='par_1_8' title="bbox 385 2502 1253 2600">
     <span class='ocr_line' id='line_1_17' title="bbox 385 2502 1253 2600; baseline -0.007 -20"><span class='ocrx_word' id='word_1_157' title='bbox 385 2513 617 2600; x_wconf 77' lang='lat' dir='ltr'>gumentorum</span> <span class='ocrx_word' id='word_1_158' title='bbox 631 2503 880 2580; x_wconf 84' lang='lat' dir='ltr'>confirmatione</span> <span class='ocrx_word' id='word_1_159' title='bbox 895 2504 1047 2600; x_wconf 82' lang='lat' dir='ltr'>indigere</span> <span class='ocrx_word' id='word_1_160' title='bbox 1062 2502 1253 2588; x_wconf 82' lang='lat' dir='ltr'>uideantur.</span> 
     </span>
    </p>

    <p class='ocr_par' dir='ltr' id='par_1_9' title="bbox 387 2631 1764 3670">
     <span class='ocr_line' id='line_1_18' title="bbox 502 2631 1760 2734; baseline -0.006 -22"><span class='ocrx_word' id='word_1_161' title='bbox 502 2637 580 2712; x_wconf 87' lang='lat' dir='ltr'>Erit</span> <span class='ocrx_word' id='word_1_162' title='bbox 596 2646 708 2712; x_wconf 89' lang='lat' dir='ltr'>autern</span> <span class='ocrx_word' id='word_1_163' title='bbox 723 2638 878 2712; x_wconf 84' lang='lat' dir='ltr'>universa</span> <span class='ocrx_word' id='word_1_164' title='bbox 892 2636 1076 2734; x_wconf 91' lang='lat' dir='ltr'>disputatio</span> <span class='ocrx_word' id='word_1_165' title='bbox 1089 2642 1206 2709; x_wconf 88' lang='lat' dir='ltr'>nostra</span> <span class='ocrx_word' id='word_1_166' title='bbox 1217 2631 1349 2718; x_wconf 89' lang='lat' dir='ltr'>omnino</span> <span class='ocrx_word' id='word_1_167' title='bbox 1363 2631 1536 2732; x_wconf 89' lang='lat' dir='ltr'>bipertita.</span> <span class='ocrx_word' id='word_1_168' title='bbox 1579 2631 1668 2708; x_wconf 88' lang='lat' dir='ltr'>Nam</span> <span class='ocrx_word' id='word_1_169' title='bbox 1685 2633 1760 2732; x_wconf 89' lang='lat' dir='ltr'>pri-</span> 
     </span>
     <span class='ocr_line' id='line_1_19' title="bbox 387 2765 1763 2870; baseline -0.002 -24"><span class='ocrx_word' id='word_1_170' title='bbox 387 2797 477 2862; x_wconf 85' lang='lat' dir='ltr'>mum</span> <span class='ocrx_word' id='word_1_171' title='bbox 493 2771 626 2870; x_wconf 87' lang='lat' dir='ltr'>quidem</span> <span class='ocrx_word' id='word_1_172' title='bbox 641 2771 682 2845; x_wconf 92' lang='lat' dir='ltr'>do</span> <span class='ocrx_word' id='word_1_173' title='bbox 697 2769 830 2851; x_wconf 80' lang='lat' dir='ltr'>caussis</span> <span class='ocrx_word' id='word_1_174' title='bbox 846 2769 1105 2869; x_wconf 79' lang='lat' dir='ltr'>explicabimus,</span> <span class='ocrx_word' id='word_1_175' title='bbox 1124 2791 1192 2852; x_wconf 83' lang='lat' dir='ltr'>¹cur</span> <span class='ocrx_word' id='word_1_176' title='bbox 1207 2765 1384 2840; x_wconf 89' lang='lat' dir='ltr'>Placdrns</span> <span class='ocrx_word' id='word_1_177' title='bbox 1400 2792 1466 2840; x_wconf 92' lang='lat' dir='ltr'>non</span> <span class='ocrx_word' id='word_1_178' title='bbox 1481 2767 1626 2842; x_wconf 81' lang='lat' dir='ltr'>iuuenile</span> <span class='ocrx_word' id='word_1_179' title='bbox 1639 2765 1763 2843; x_wconf 85' lang='lat' dir='ltr'>Plato·</span> 
     </span>
     <span class='ocr_line' id='line_1_20' title="bbox 388 2898 1763 3002; baseline -0.004 -24"><span class='ocrx_word' id='word_1_180' title='bbox 388 2905 451 2980; x_wconf 66' lang='lat' dir='ltr'>nis⁴</span> <span class='ocrx_word' id='word_1_181' title='bbox 466 2930 551 3002; x_wconf 87' lang='lat' dir='ltr'>opus</span> <span class='ocrx_word' id='word_1_182' title='bbox 574 2904 706 2976; x_wconf 84' lang='lat' dir='ltr'>censori</span> <span class='ocrx_word' id='word_1_183' title='bbox 729 2928 831 2997; x_wconf 88' lang='lat' dir='ltr'>posse</span> <span class='ocrx_word' id='word_1_184' title='bbox 854 2903 1024 2988; x_wconf 78' lang='lat' dir='ltr'>uideatnr3</span> <span class='ocrx_word' id='word_1_185' title='bbox 1053 2927 1120 2994; x_wconf 78' lang='lat' dir='ltr'>qno</span> <span class='ocrx_word' id='word_1_186' title='bbox 1137 2908 1234 2994; x_wconf 82' lang='lat' dir='ltr'>porte</span> <span class='ocrx_word' id='word_1_187' title='bbox 1248 2898 1486 2996; x_wconf 74' lang='lat' dir='ltr'>disputaticuls</span> <span class='ocrx_word' id='word_1_188' title='bbox 1506 2908 1643 2975; x_wconf 71' lang='lat' dir='ltr'>nostrum</span> <span class='ocrx_word' id='word_1_189' title='bbox 1660 2898 1763 2974; x_wconf 78' lang='lat' dir='ltr'>enon</span> 
     </span>
     <span class='ocr_line' id='line_1_21' title="bbox 389 3025 1764 3138; baseline -0.005 -25"><span class='ocrx_word' id='word_1_190' title='bbox 389 3047 535 3138; x_wconf 88' lang='lat' dir='ltr'>tempus,</span> <span class='ocrx_word' id='word_1_191' title='bbox 548 3057 628 3133; x_wconf 66' lang='lat' dir='ltr'>fiquc</span> <span class='ocrx_word' id='word_1_192' title='bbox 642 3033 798 3129; x_wconf 82' lang='lat' dir='ltr'>dialogus</span> <span class='ocrx_word' id='word_1_193' title='bbox 813 3053 930 3106; x_wconf 88' lang='lat' dir='ltr'>reuera</span> <span class='ocrx_word' id='word_1_194' title='bbox 944 3030 1091 3128; x_wconf 88' lang='lat' dir='ltr'>scriptus</span> <span class='ocrx_word' id='word_1_195' title='bbox 1107 3028 1178 3121; x_wconf 78' lang='lat' dir='ltr'>sit,</span> <span class='ocrx_word' id='word_1_196' title='bbox 1188 3025 1385 3102; x_wconf 83' lang='lat' dir='ltr'>definiemus</span> <span class='ocrx_word' id='word_1_197' title='bbox 1399 3029 1604 3116; x_wconf 83' lang='lat' dir='ltr'>accuratius.</span> <span class='ocrx_word' id='word_1_198' title='bbox 1642 3029 1764 3106; x_wconf 81' lang='lat' dir='ltr'>Altero</span> 
     </span>
     <span class='ocr_line' id='line_1_22' title="bbox 389 3162 1764 3270; baseline -0.007 -20"><span class='ocrx_word' id='word_1_199' title='bbox 389 3183 502 3250; x_wconf 82' lang='lat' dir='ltr'>antem</span> <span class='ocrx_word' id='word_1_200' title='bbox 524 3179 620 3270; x_wconf 87' lang='lat' dir='ltr'>parte</span> <span class='ocrx_word' id='word_1_201' title='bbox 638 3167 674 3240; x_wconf 92' lang='lat' dir='ltr'>id</span> <span class='ocrx_word' id='word_1_202' title='bbox 695 3191 854 3264; x_wconf 83' lang='lat' dir='ltr'>agemus,</span> <span class='ocrx_word' id='word_1_203' title='bbox 884 3165 1008 3240; x_wconf 79' lang='lat' dir='ltr'>utnim</span> <span class='ocrx_word' id='word_1_204' title='bbox 1032 3168 1299 3260; x_wconf 81' lang='lat' dir='ltr'>argumentorum</span> <span class='ocrx_word' id='word_1_205' title='bbox 1321 3185 1383 3258; x_wconf 91' lang='lat' dir='ltr'>pro</span> <span class='ocrx_word' id='word_1_206' title='bbox 1405 3162 1575 3236; x_wconf 89' lang='lat' dir='ltr'>contraria</span> <span class='ocrx_word' id='word_1_207' title='bbox 1595 3165 1764 3245; x_wconf 82' lang='lat' dir='ltr'>sententio</span> 
     </span>
     <span class='ocr_line' id='line_1_23' title="bbox 390 3293 1763 3391; baseline -0.009 -11"><span class='ocrx_word' id='word_1_208' title='bbox 390 3308 568 3387; x_wconf 84' lang='lat' dir='ltr'>allatorum</span> <span class='ocrx_word' id='word_1_209' title='bbox 592 3302 717 3378; x_wconf 88' lang='lat' dir='ltr'>nullam</span> <span class='ocrx_word' id='word_1_210' title='bbox 740 3323 817 3374; x_wconf 88' lang='lat' dir='ltr'>osse</span> <span class='ocrx_word' id='word_1_211' title='bbox 836 3296 1064 3374; x_wconf 82' lang='lat' dir='ltr'>ostendamus.</span> <span class='ocrx_word' id='word_1_212' title='bbox 1129 3294 1262 3389; x_wconf 79' lang='lat' dir='ltr'>Quibus</span> <span class='ocrx_word' id='word_1_213' title='bbox 1287 3293 1451 3391; x_wconf 82' lang='lat' dir='ltr'>expositis</span> <span class='ocrx_word' id='word_1_214' title='bbox 1473 3293 1590 3391; x_wconf 89' lang='lat' dir='ltr'>ntique</span> <span class='ocrx_word' id='word_1_215' title='bbox 1612 3295 1763 3380; x_wconf 76' lang='lat' dir='ltr'>futurum</span> 
     </span>
     <span class='ocr_line' id='line_1_24' title="bbox 391 3423 1763 3546; baseline -0.01 -32"><span class='ocrx_word' id='word_1_216' title='bbox 391 3463 469 3514; x_wconf 88' lang='lat' dir='ltr'>csse</span> <span class='ocrx_word' id='word_1_217' title='bbox 491 3457 686 3537; x_wconf 88' lang='lat' dir='ltr'>speramns,</span> <span class='ocrx_word' id='word_1_218' title='bbox 717 3441 754 3508; x_wconf 91' lang='lat' dir='ltr'>nt</span> <span class='ocrx_word' id='word_1_219' title='bbox 771 3432 850 3532; x_wconf 90' lang='lat' dir='ltr'>qnid</span> <span class='ocrx_word' id='word_1_220' title='bbox 870 3431 921 3506; x_wconf 91' lang='lat' dir='ltr'>rei</span> <span class='ocrx_word' id='word_1_221' title='bbox 942 3431 989 3506; x_wconf 91' lang='lat' dir='ltr'>sit</span> <span class='ocrx_word' id='word_1_222' title='bbox 1014 3427 1240 3505; x_wconf 84' lang='lat' dir='ltr'>uerisimiliter</span> <span class='ocrx_word' id='word_1_223' title='bbox 1257 3423 1391 3522; x_wconf 88' lang='lat' dir='ltr'>quidem</span> <span class='ocrx_word' id='word_1_224' title='bbox 1412 3426 1646 3546; x_wconf 78' lang='lat' dir='ltr'>statuistque</span> <span class='ocrx_word' id='word_1_225' title='bbox 1668 3427 1763 3502; x_wconf 84' lang='lat' dir='ltr'>indi-</span> 
     </span>
     <span class='ocr_line' id='line_1_25' title="bbox 390 3573 597 3670; baseline -0.024 -22"><span class='ocrx_word' id='word_1_226' title='bbox 390 3573 462 3648; x_wconf 89' lang='lat' dir='ltr'>cari</span> <span class='ocrx_word' id='word_1_227' title='bbox 484 3579 597 3670; x_wconf 86' lang='lat' dir='ltr'>quent.</span> 
     </span>
    </p>

    <p class='ocr_par' dir='ltr' id='par_1_10' title="bbox 317 3691 1765 4214">
     <span class='ocr_line' id='line_1_26' title="bbox 389 3691 1765 3801; baseline -0.007 -23"><span class='ocrx_word' id='word_1_228' title='bbox 389 3781 393 3790; x_wconf 66' lang='grc'><strong>,</strong></span> <span class='ocrx_word' id='word_1_229' title='bbox 504 3704 627 3800; x_wconf 81' lang='lat' dir='ltr'>Itaque</span> <span class='ocrx_word' id='word_1_230' title='bbox 641 3701 781 3801; x_wconf 89' lang='lat' dir='ltr'>primum</span> <span class='ocrx_word' id='word_1_231' title='bbox 795 3700 929 3800; x_wconf 83' lang='lat' dir='ltr'>quidem</span> <span class='ocrx_word' id='word_1_232' title='bbox 941 3699 1006 3772; x_wconf 88' lang='lat' dir='ltr'>lroc</span> <span class='ocrx_word' id='word_1_233' title='bbox 1018 3696 1118 3772; x_wconf 89' lang='lat' dir='ltr'>nobis</span> <span class='ocrx_word' id='word_1_234' title='bbox 1127 3692 1335 3794; x_wconf 84' lang='lat' dir='ltr'>propositum</span> <span class='ocrx_word' id='word_1_235' title='bbox 1351 3699 1416 3786; x_wconf 90' lang='lat' dir='ltr'>cst,</span> <span class='ocrx_word' id='word_1_236' title='bbox 1431 3700 1469 3766; x_wconf 90' lang='lat' dir='ltr'>nt</span> <span class='ocrx_word' id='word_1_237' title='bbox 1483 3691 1765 3770; x_wconf 81' lang='lat' dir='ltr'>demonstratione</span> 
     </span>
     <span class='ocr_line' id='line_1_27' title="bbox 391 3825 1765 3928; baseline -0.01 -14"><span class='ocrx_word' id='word_1_238' title='bbox 391 3845 507 3914; x_wconf 90' lang='lat' dir='ltr'>nostra</span> <span class='ocrx_word' id='word_1_239' title='bbox 521 3837 656 3912; x_wconf 86' lang='lat' dir='ltr'>ellicere</span> <span class='ocrx_word' id='word_1_240' title='bbox 670 3859 839 3927; x_wconf 88' lang='lat' dir='ltr'>conemur,</span> <span class='ocrx_word' id='word_1_241' title='bbox 854 3834 991 3924; x_wconf 91' lang='lat' dir='ltr'>librum,</span> <span class='ocrx_word' id='word_1_242' title='bbox 1008 3829 1049 3904; x_wconf 91' lang='lat' dir='ltr'>do</span> <span class='ocrx_word' id='word_1_243' title='bbox 1066 3853 1131 3928; x_wconf 82' lang='lat' dir='ltr'>qno</span> <span class='ocrx_word' id='word_1_244' title='bbox 1151 3827 1323 3926; x_wconf 88' lang='lat' dir='ltr'>disputare</span> <span class='ocrx_word' id='word_1_245' title='bbox 1337 3825 1559 3920; x_wconf 83' lang='lat' dir='ltr'>instituimus,</span> <span class='ocrx_word' id='word_1_246' title='bbox 1586 3851 1653 3903; x_wconf 83' lang='lat' dir='ltr'>nou</span> <span class='ocrx_word' id='word_1_247' title='bbox 1667 3825 1765 3900; x_wconf 81' lang='lat' dir='ltr'>iusc-</span> 
     </span>
     <span class='ocr_line' id='line_1_28' title="bbox 391 3957 1764 4058; baseline -0.007 -12"><span class='ocrx_word' id='word_1_248' title='bbox 391 3972 454 4046; x_wconf 89' lang='lat' dir='ltr'>uili</span> <span class='ocrx_word' id='word_1_249' title='bbox 469 3970 577 4058; x_wconf 19' lang='lat' dir='ltr'>*aetati</span> <span class='ocrx_word' id='word_1_250' title='bbox 593 3969 652 4044; x_wconf 85' lang='lat' dir='ltr'>sed</span> <span class='ocrx_word' id='word_1_251' title='bbox 666 3968 905 4043; x_wconf 87' lang='lat' dir='ltr'>maturioribus</span> <span class='ocrx_word' id='word_1_252' title='bbox 918 3964 1015 4038; x_wconf 87' lang='lat' dir='ltr'>anuis</span> <span class='ocrx_word' id='word_1_253' title='bbox 1031 3961 1187 4038; x_wconf 77' lang='lat' dir='ltr'>Platonis</span> <span class='ocrx_word' id='word_1_254' title='bbox 1202 3960 1305 4036; x_wconf 90' lang='lat' dir='ltr'>tribui</span> <span class='ocrx_word' id='word_1_255' title='bbox 1320 3966 1487 4057; x_wconf 88' lang='lat' dir='ltr'>oportere.</span> <span class='ocrx_word' id='word_1_256' title='bbox 1527 3957 1633 4034; x_wconf 83' lang='lat' dir='ltr'>Culus</span> <span class='ocrx_word' id='word_1_257' title='bbox 1651 3967 1764 4038; x_wconf 78' lang='lat' dir='ltr'>ronco</span> 
     </span>
     <span class='ocr_line' id='line_1_29' title="bbox 317 4092 1765 4214; baseline -0.01 -33"><span class='ocrx_word' id='word_1_258' title='bbox 317 4111 319 4116; x_wconf 83' lang='lat'>&#39;</span> <span class='ocrx_word' id='word_1_259' title='bbox 393 4104 581 4214; x_wconf 86' lang='lat' dir='ltr'>sententiae</span> <span class='ocrx_word' id='word_1_260' title='bbox 601 4110 738 4178; x_wconf 89' lang='lat' dir='ltr'>nostrae</span> <span class='ocrx_word' id='word_1_261' title='bbox 760 4106 956 4198; x_wconf 83' lang='lat' dir='ltr'>argumenta</span> <span class='ocrx_word' id='word_1_262' title='bbox 975 4097 1170 4197; x_wconf 79' lang='lat' dir='ltr'>priusquam</span> <span class='ocrx_word' id='word_1_263' title='bbox 1191 4117 1416 4194; x_wconf 82' lang='lat' dir='ltr'>exponamus,</span> <span class='ocrx_word' id='word_1_264' title='bbox 1445 4092 1572 4170; x_wconf 82' lang='lat' dir='ltr'>iuuabit</span> <span class='ocrx_word' id='word_1_265' title='bbox 1587 4093 1705 4192; x_wconf 89' lang='lat' dir='ltr'>paucis</span> <span class='ocrx_word' id='word_1_266' title='bbox 1720 4093 1765 4168; x_wconf 84' lang='lat' dir='ltr'>ds</span> 
     </span>
    </p>
   </div>
   <div class='ocr_carea' id='block_1_9' title="bbox 0 0 1966 5010">
    <p class='ocr_par' dir='ltr' id='par_1_11' title="bbox 0 0 1966 5010">
     <span class='ocr_line' id='line_1_30' title="bbox 0 0 1966 5010; baseline 0 0"><span class='ocrx_word' id='word_1_267' title='bbox 0 0 1966 5010; x_wconf 95' lang='lat' dir='ltr'> </span> 
     </span>
    </p>
   </div>
  </div>
 </body>
</html>
