3874 5010
750 319 1260 400 mmm

313 560 415 632 saepe
434 534 598 638 diximus,
622 534 782 608 librorum
804 533 1009 608 ieiunitatem
1028 535 1078 608 rel
1091 533 1291 608 exilitatem.
1344 530 1432 608 Nam
1454 533 1489 606 in
1511 533 1565 606 luis
1584 534 1696 608 annni-

315 672 397 763 lms,
408 709 411 716 .
424 692 490 740 nno
505 666 576 746 lere
593 665 729 764 Grntylo
750 673 910 765 excepto,
937 667 1020 740 nilril
1037 664 1352 762 simileneponitar,
1378 689 1479 762 qnam
1498 667 1535 738 in
1551 668 1696 764 ammine-

315 803 408 876 nilons
428 800 597 897 operibns,
622 826 707 898 qnae
722 801 912 876 maturioris
924 801 1044 874 amatis
1062 798 1379 876 commendationem
1396 797 1532 891 lrabeat,
1544 855 1547 867 .
1559 799 1699 875 eaedem

316 959 372 1008 nes
393 932 574 1008 identidem
596 942 911 1026 commemorentur,
939 941 974 1006 et
996 935 1049 1007 nel
1075 936 1213 1010 noeane
1226 938 1430 1007 excusentur
1448 955 1487 1004 ac
1501 931 1595 1004 nonis
1611 955 1697 1004 con-

318 1067 489 1148 firmentur
498 1067 717 1160 argumentis,
731 1068 784 1140 vel
798 1069 900 1140 etiam
916 1067 1024 1140 denno
1034 1067 1254 1142 inculcentur.
1278 1064 1416 1161 quund
1431 1087 1696 1160 nnnmqnemqno

320 1197 490 1294 Gorgiae,
517 1196 726 1292 Plraednnis,
750 1199 949 1293 Theaeteti,
976 1199 1130 1294 Pliilebi,
1153 1200 1312 1291 Politice,
1340 1195 1488 1288 Timaei,
1514 1193 1697 1291 Symposii,
1802 1295 1804 1300 Ι

320 1330 456 1428 Legum
482 1331 638 1404 tractatio
661 1332 744 1406 satis
768 1331 919 1404 edoceam.
971 1332 1069 1424 Quod
1097 1325 1189 1406 certe
1207 1354 1372 1428 perquam
1395 1335 1449 1402 est
1471 1327 1698 1418 memorabile,

320 1461 515 1556 praesertim
540 1487 638 1558 qnam
662 1464 763 1536 etiam
781 1462 1050 1538 Aristoteles
1073 1465 1192 1562 Magn.
1209 1463 1335 1537 Moral.
1359 1460 1392 1534 Ι.
1419 1467 1454 1534 1.
1483 1461 1576 1531 illam
1599 1457 1702 1546 amnui

321 1592 356 1664 in
382 1593 491 1666 varias
524 1602 636 1688 partes
669 1599 722 1670 uel
746 1596 923 1669 lacnltates
952 1595 1207 1694 descriptionem
1231 1594 1372 1668 Platoni.
1404 1593 1566 1666 attribuat
1590 1596 1701 1664 aetate

323 1725 540 1822 provectiori,
563 1728 661 1801 sicuti
683 1729 856 1825 postmodo
872 1729 1067 1802 ridebimus.

335 1925 341 1936 ,
425 1855 556 1928 Verum
579 1859 661 1931 satis
683 1861 766 1934 haec
787 1862 828 1934 de
847 1863 987 1935 materia
1006 1861 1137 1959 optaris,
1163 1861 1257 1936 onius
1279 1861 1396 1934 uelox
1419 1859 1481 1952 iis,
1504 1881 1590 1954 qnae
1612 1853 1710 1926 dieta.

326 1995 421 2081 sunt,
449 1996 574 2060 tantam
597 2001 737 2089 apparet
759 2019 835 2068 esse
855 1988 1114 2090 praestantiam,
1140 2000 1178 2065 nt
1198 1994 1240 2065 ad
1264 1993 1338 2066 eins'
1351 1991 1623 2090 amplitudinem,
1647 1985 1703 2058 dl·
1830 2041 1846 2070 o

287 2197 291 2206 ,
325 2122 506 2216 gnitatem,
539 2123 773 2198 sublimitatem
804 2127 945 2224 denique
974 2151 1113 2218 eurum,
1149 2149 1287 2222 quornm
1313 2133 1413 2198 antea
1432 2125 1558 2196 iniecta
1579 2119 1706 2192 ruentia

328 2261 397 2345 est,
424 2253 583 2329 lilrrornm
607 2257 659 2330 nel
682 2257 879 2354 simplicitas
903 2259 954 2332 rel
975 2259 1119 2332 tennitas
1143 2281 1184 2330 ac
1204 2257 1361 2330 ieiunitas
1379 2258 1475 2330 ,nullo
1497 2253 1704 2327 molucam·

328 2389 474 2483 paranda
496 2389 660 2462 rideatur.
715 2387 836 2465 Simile
857 2381 1011 2487 quiddam
1034 2415 1113 2464 nero
1133 2389 1308 2464 dicendum
1333 2389 1508 2464 cst'etiam
1532 2386 1573 2460 de
1594 2383 1705 2481 operis

264 2499 290 2554 '⁸
329 2527 455 2593 armet
480 2521 721 2617 compositione
745 2523 977 2602 camillorum
1000 2524 1119 2596 lucin
1142 2547 1266 2618 genere
1289 2521 1474 2594 rationibus
1501 2523 1705 2614 comparata.

328 2649 416 2724 Nam
433 2677 533 2746 qnnm
550 2653 662 2726 nullus
676 2653 778 2726 lacile
790 2653 977 2750 reperiatur
993 2655 1079 2727 liber
1092 2654 1266 2746 Platonis,
1288 2654 1345 2750 qni
1362 2677 1403 2726 eo
1423 2653 1556 2724 nomino
1572 2649 1705 2722 omnino
1798 2691 1802 2696 ·

330 2781 507 2877 displicere
518 2783 707 2880 legentibus
724 2785 847 2882 possit3
873 2793 983 2858 tamen
999 2786 1035 2858 in
1050 2785 1207 2860 Phaedro
1224 2787 1324 2884 palatie
1337 2784 1518 2881 singularis
1536 2784 1620 2856 artis
1633 2784 1707 2856 lans

331 2913 510 3008 conspicua
530 2923 595 2986 ast.
646 2915 773 2988 Rerum
789 2917 968 3012 descriptio
987 2918 1087 3012 longe
1104 2917 1399 3010 artificiosissima,
1425 2924 1463 2989 nt
1479 2917 1531 2990 nel
1549 2915 1709 2988 doetissi-

332 3069 412 3118 mos
427 3045 514 3118 nisos
537 3047 855 3144 sollertissimosqnc
878 3048 1067 3144 elegantiae
1090 3048 1218 3122 iudices
1244 3073 1345 3146 saepe
1362 3047 1547 3137 ,lelcllerit3
1589 3047 1708 3140 singu·

331 3176 439 3249 larum
460 3183 602 3274 partium
624 3181 866 3278 coagmentatio
885 3181 1153 3278 perquamsoita
1171 3205 1212 3254 ac
1234 3189 1395 3270 renustae
1413 3177 1605 3275 ,argumenti
1618 3200 1719 3272 pro·-

332 3309 434 3404 positi
457 3311 636 3406 explicatio
659 3314 813 3406 subtilis,
837 3319 901 3406 nt,
921 3311 1107 3386 dnmmodo
1128 3338 1245 3386 nasum
1270 3314 1413 3404 halem,
1445 3309 1545 3390 lecito
1566 3309 1708 3402 sentiae,

334 3463 490 3535 quorsum
507 3442 639 3540 singula
649 3446 860 3542 *quertineant3
883 3445 1003 3537 oratic,
1019 3447 1129 3541 pronti
1144 3447 1218 3542 ipsa
1232 3469 1341 3544 rernm
1356 3450 1571 3518 tractatarum
1588 3449 1710 3516 natura

333 3571 412 3666 lert,
436 3575 531 3646 modo
545 3577 669 3670 tenuis,
691 3579 787 3652 modo
803 3578 949 3671 subulis,
972 3578 1068 3654 modo
1083 3578 1218 3674 pondis
1234 3577 1426 3670 etsxcels'a,
1446 3577 1494 3649 ita
1510 3583 1549 3648 nt
1561 3577 1614 3649 uel
1628 3603 1710 3672 pee-

335 3711 506 3807 ρακιῶδες
518 3708 614 3801 illud,
633 3711 727 3806 sqnnd
741 3711 873 3808 qnidam
888 3732 1024 3806 crepare
1041 3710 1281 3804 sustinuerunt,
1307 3733 1372 3783 nun
1386 3709 1636 3784 careatidnnea
1650 3731 1719 3778 ra··

335 3838 444 3929 tione3
471 3840 611 3940 deniqne
626 3843 736 3916 omnia
750 3867 791 3916 ac
801 3813 934 3940 sinpnla
946 3843 995 3916 ita
1009 3852 1220 3939 comparata,
1245 3850 1300 3935 nt,
1318 3842 1500 3916 dummodo
1514 3839 1710 3914 racteindi·

336 3979 410 4046 oata
422 3972 565 4069 luerint,
591 3977 785 4072 nentiquam
798 3975 936 4048 al¹artis
950 3976 1081 4072 legibus
1094 3975 1253 4048 recedant
1266 3975 1484 4072 antiueptnm
1501 3971 1655 4070 quiddam
1670 3994 1720 4046 ac«

335 4104 479 4200 iuvenile
504 4105 650 4196 lateant
662 4159 675 4200 ,
713 4108 771 4180 sed
795 4108 906 4205 patim
931 4109 1052 4180 sumini
1076 4107 1377 4205 perfectissimique
1403 4105 1540 4180 artificis
1565 4103 1709 4177 diuinum

287 4271 291 4278 ·
336 4240 429 4335 quasi
445 4241 607 4340 quoddam
622 4240 790 4338 ingenium
806 4240 969 4316 celerant.
991 4239 1064 4314 Iam
1081 4267 1159 4316 nero
1179 4241 1256 4339 qnid
1273 4241 1369 4316 deiis
1385 4237 1525 4336 dialogis
1536 4236 1711 4332 dmondnni
