3874 5010
390 491 465 584 est,
485 494 523 562 ut
536 513 573 586 p.
592 487 680 561 274.
696 485 741 559 ll.
759 491 886 558 statuat
899 485 981 558 nihil
997 483 1087 556 aliud
1102 483 1286 580 signifieari
1302 485 1368 558 uisi
1383 484 1565 559 diserimeu
1580 483 1771 584 semptiordu

388 623 577 696 ¹orationum
592 626 691 716 atqua
704 617 909 716 dialogorum
927 637 1040 692 eorum
1050 670 1063 711 ,
1091 616 1240 714 quisunt
1258 617 1533 714 depluilesuphia.
1584 618 1691 716 Atqui
1705 619 1774 694 iota

392 755 526 852 quidem
542 752 609 824 leui
621 751 852 847 interpretatio
868 751 1013 823 dubitari
1027 751 1117 822 nulle
1134 749 1232 822 mode
1242 751 1471 847 protestpuiuo
1487 774 1565 824 uere
1580 749 1773 847 longissimo

393 885 583 959 abhorreat.
622 882 918 956 Considerautihus
934 882 1028 956 anim·
1038 882 1133 954 uehis
1145 882 1199 954 uel
1212 882 1277 956 leri
1295 882 1397 955 animi
1414 880 1598 956 attentione
1618 905 1671 974 ea,
1687 905 1772 978 qnae

392 1017 470 1090 inde
487 1037 557 1112 ap.
573 1015 660 1089 275.
676 1015 725 1088 A.
743 1015 970 1107 disseruntur,
1003 1015 1069 1086 nisi
1090 1013 1176 1086 mule
1198 1014 1345 1110 argutari
1368 1013 1528 1106 uelimus,
1555 1020 1648 1086 certe
1662 1013 1773 1088 maui-

392 1148 515 1222 iestum
540 1171 614 1220 esse
635 1147 732 1220 dehet
751 1147 918 1242 disputari
938 1146 986 1217 ihi
1003 1147 1194 1243 neutiquam
1217 1145 1258 1218 de
1280 1169 1345 1218 una
1365 1147 1551 1218 arationum
1576 1146 1771 1240 seriptiuue,

393 1281 454 1354 sed
471 1283 605 1353 omniuo
619 1299 803 1352 sennonem
818 1277 949 1350 institui
965 1278 1006 1350 de
1019 1279 1179 1350 lihrurum
1200 1277 1345 1350 cuiusvis
1363 1277 1497 1374 generis
1514 1277 1767 1352 seriheuderum

394 1439 497 1511 ultera
513 1419 613 1508 atque
627 1411 709 1484 adeo
726 1409 940 1506 scriptionem
957 1416 991 1482 et
1008 1409 1100 1482 rivae
1117 1409 1206 1482 roais
1220 1409 1463 1484 institutionem
1478 1409 1566 1484 inter
1580 1434 1621 1483 se
1635 1409 1772 1509 opponi.

393 1545 485 1639 Quid
499 1541 625 1639 igitur?
641 1543 739 1615 huius
754 1541 960 1614 dillieultatis
974 1541 1202 1638 expediendae
1217 1535 1378 1638 quaauam
1389 1542 1520 1616 taudem
1535 1542 1633 1616 nolo
1645 1557 1773 1638 suppe-

394 1677 437 1750 tit
450 1673 560 1748 ratio?
587 1674 754 1749 Nimirum
767 1674 852 1746 haee
868 1699 955 1767 uua,
977 1675 1115 1770 opinor,
1149 1680 1187 1746 ut
1202 1673 1379 1746 Platonem
1395 1681 1581 1748 statuamus
1598 1675 1664 1748 iata
1684 1673 1773 1748 seri-

392 1809 517 1906 psisse,
540 1833 603 1904 quo
618 1814 768 1902 tempere
787 1806 933 1888 sahulem
947 1806 981 1880 in
991 1804 1176 1880 Academia
1192 1811 1251 1878 ant
1266 1805 1361 1878 modo
1376 1813 1553 1900 aperuerat
1569 1815 1627 1878 aut
1643 1805 1772 1904 aperire

395 1941 489 2036 apud
500 1940 645 2012 animum
664 1937 896 2012 eonstitue‘rat.
947 1937 1013 2012 Illo
1031 1938 1121 2012 enim
1144 1945 1293 2034 tempere
1307 1937 1534 2035 philosophiae
1555 1937 1772 2030 institutioni,

395 2072 528 2168 qualem
552 2069 790 2161 meditabatur,
827 2076 1012 2167 opportune
1033 2094 1113 2143 saue
1136 2075 1264 2160 tantum
1287 2070 1426 2162 tribuit,
1452 2077 1491 2143 ut
1511 2095 1593 2166 prae
1615 2095 1657 2144 aa
1680 2075 1772 2144 reeta

394 2204 555 2275 librorum
583 2202 830 2275 scribendarum
857 2209 964 2275 artem
989 2201 1218 2297 rationemque
1240 2200 1415 2274 admodum
1438 2203 1716 2280 contemnendam
1732 2225 1773 2283 w

365 2343 368 2348 ’
394 2335 659 2432 uilipuudeudam
675 2335 854 2408 arbitratus
869 2333 927 2407 sit.
974 2333 1072 2426 Quod
1086 2333 1217 2430 quidem
1233 2333 1391 2409 iudieium
1406 2334 1512 2431 ipsius
1527 2359 1594 2410 reu
1608 2336 1692 2413 adeo
1707 2334 1773 2411 mi-

393 2468 500 2540 ruhilo
527 2467 708 2558 ridehitur,
737 2467 792 2536 uhi
820 2466 959 2538 duarum
980 2487 1094 2538 rerum
1115 2463 1277 2540 fuerimus
1297 2467 1383 2539 hene
1407 2489 1584 2542 memores.
1634 2465 1772 2542 Etenim

394 2600 535 2696 primum
554 2597 685 2692 quidem
702 2596 891 2670 meminisse
904 2597 1042 2688 iuuabit,
1058 2596 1100 2669 de
1113 2620 1181 2692 quo
1192 2602 1270 2692 pust
1281 2594 1559 2672 Brundisium
1573 2598 1609 2672 in
1624 2597 1772 2675 Diatrih.

392 2731 436 2803 de
457 2729 596 2826 perditis
613 2727 807 2802 Aristotelis
826 2727 921 2798 libris
935 2727 977 2799 de
992 2726 1078 2800 ideis
1094 2726 1182 2802 etde
1198 2727 1277 2802 hou·
1296 2727 1367 2802 siue
1381 2727 1610 2826 philosophis·
1652 2728 1771 2809 ‘Boura

398 2864 558 2933 1823.8.
576 2857 928 2952 atqueTreudaleu
939 2858 1127 2954 burgiam
1144 2859 1179 2932 iu
1191 2859 1441 2934 lihroPlateuis
1455 2859 1592 2936 deideis
1605 2866 1640 2936 et
1652 2883 1774 2939 uulua·

392 2992 441 3064 'ris
458 2991 610 3064 deettina
625 3014 666 3063 ex
685 2988 871 3062 Aristotele
886 2989 1066 3062 illustrata.
1092 2987 1194 3086 Lips.
1218 2991 1329 3064 1826.
1352 2991 1390 3064 8.
1415 2992 1583 3094 pupiesius
1603 2993 1773 3088 explieare
1883 3042 1884 3048 ,

393 3147 461 3196 neu
478 3147 561 3218 epm
580 3127 654 3215 est',
672 3119 850 3194 Plutonem
867 3122 903 3194 iu
916 3120 1040 3194 sehelis
1055 3121 1125 3194 suis
1140 3121 1189 3194 ita
1205 3144 1280 3194 esse
1296 3127 1482 3216 romaum,
1506 3130 1546 3196 ut
1558 3122 1771 3221 gradationes

394 3253 623 3350 philosophiae
645 3253 737 3324 leues
753 3252 796 3326 ad
814 3253 978 3349 prineipia
992 3276 1054 3326 sua
1075 3277 1233 3329 reueeure
1244 3253 1413 3328 studuerit
1431 3255 1685 3354 atquesiugula
1697 3262 1771 3332 tra·

394 3385 535 3458 utererit
551 3384 740 3456 aeeuratius
756 3383 967 3460 atsuhtilius.
995 3386 1174 3483 Quaaipsa
1184 3398 1303 3461 musta
1314 3393 1381 3478 est,
1395 3393 1559 3468 eurreete
1566 3387 1772 3465 manutere

395 3523 637 3590 atassarmnm
651 3516 774 3608 lieeat,
800 3499 991 3590 tetam'eius
1007 3518 1190 3594 dummuum
1206 3517 1771 3619 eatenuseerteiu-soriptisipsius

392 3647 648 3744 haudquaquam
667 3648 929 3743 ‘comperiehendi·,
945 3649 1181 3750 :quaternisju
1202 3649 1254 3722 his
1280 3673 1409 3728 summa
1431 3648 1505 3726 eius
1525 3651 1692 3750 prineipia
1714 3652 1770 3736 vix,

392 3779 643 3876 significantur,
659 3779 788 3852 'nedum
803 3787 840 3852 ut
856 3781 1254 3865 dilueideillumiueutur.
1304 3780 1431 3877 ltaque
1446 3782 1662 3881 philosopher
1677 3807 1771 3880 uuae

391 3912 429 3983 iu
442 3909 598 3984 Phaedro
611 3911 654 3984 de
669 3911 778 4007 pretio
786 3912 961 4008 scriptioni
975 3919 1072 4008 utque
1085 3914 1180 3986 vivae
1194 3913 1589 3996 sustentamentum
1598 3882 1772 4002 eume}

386 4049 482 4116 tatus
505 4049 580 4134 est,
598 4051 647 4116 'aa
669 4043 718 4116 ita
734 4043 896 4142 ‘euripum
918 4050 956 4116 ut
972 4043 1130 4141 inprimis
1157 4045 1199 4118 e'h
1224 4045 1338 4120 oeulos
1364 4044 1516 4152 hahuerit
1535 4047 1668 4130 amalus
1690 4061 1771 4132 tuae

382 4173 650 4272 aemonias,
677 4200 763 4274 quas·
783 4176 1039 4252 uerisimileiest
1058 4175 1105 4252 ita
1122 4175 1230 4279 luisse
1249 4186 1476 4276 comparatas,
1503 4187 1770 4280 repsonsum
