3874 5010
838 353 1345 435 „gp—„-

401 571 483 652 artis
501 565 681 648 tradendae
697 569 883 669 prouincia,
909 593 986 646 sese
1007 568 1050 642 ad
1071 593 1169 642 unum
1192 569 1335 645 munima
1357 569 1571 668 scriptionem
1594 571 1784 647 ossam

400 697 581 782 forensium
607 703 801 778 contulisse.
844 703 953 797 Quod
968 701 1100 800 quidem
1115 703 1165 775 ita
1178 703 1303 776 lactum
1319 727 1393 778 csse
1412 711 1629 801 posteaquam
1644 703 1785 780 nurse

275 909 279 916 .
402 840 455 916 uel
479 836 657 934 Syracusis
680 835 836 910 Athenas
860 833 1028 928 redierat,
1054 835 1280 908 uerisimiliter
1302 835 1415 932 colligi
1439 835 1520 909 licet
1543 859 1587 910 ex
1606 859 1669 930 eo,
1696 837 1784 935 qnod

401 959 495 1044 nulla
516 970 588 1042 lere
614 991 727 1041 aarum
751 969 960 1061 orationum,
987 991 1069 1065 quas
1087 974 1146 1040 aut
1163 967 1306 1064 scriptus
1328 969 1370 1040 ab
1395 991 1435 1041 eo
1458 966 1564 1042 luisse
1582 946 1786 1066 accepimus,

402 1109 461 1177 aut
477 1101 655 1176 etiamnum
669 1099 828 1173 habemus
841 1097 1053 1197 superstites,
1076 1107 1155 1174 aute
1171 1096 1308 1196 Olymp.
1322 1097 1443 1173 xcl1.
1464 1105 1495 1172 l.
1509 1099 1631 1174 litteris
1646 1108 1786 1176 encrate

400 1225 552 1326 doetus,
579 1232 666 1306 sicut
680 1239 818 1328 apparet
832 1231 948 1324 exiis,
975 1255 1061 1329 quae
1077 1232 1118 1305 de
1133 1231 1293 1327 Lysiauis
1308 1232 1511 1305 orationibus
1520 1283 1532 1326 ,
1560 1255 1699 1307 numero
1714 1233 1787 1307 iere

403 1365 577 1457 ducentis,
629 1364 782 1460 exposita
820 1371 899 1436 suut
931 1363 967 1435 in
998 1363 1196 1436 Fabricii
1227 1364 1390 1438 Bibliotlu.
1412 1363 1540 1438 Graec.
1569 1363 1653 1438 Vol.
1673 1364 1727 1438 ll.
1750 1389 1787 1463 p.

402 1497 634 1575 toa-770.
657 1503 692 1569 et
711 1495 1035 1569 Westcrrnauni
1059 1495 1191 1569 Historss
1214 1495 1400 1594 Eloquent.
1417 1494 1545 1570 Gracc.
1561 1495 1660 1571 Part.
1678 1497 1731 1572 II.
1749 1521 1786 1600 p.

404 1629 634 1705 278-287.
660 1626 737 1701 Nec
751 1651 829 1701 uero
843 1627 968 1726 Lysias
982 1628 1018 1700 iu
1033 1651 1099 1700 uno
1113 1634 1242 1701 tantum
1261 1653 1383 1726 genere
1404 1627 1534 1702 dicendi
1547 1629 1696 1704 iudiciali
1712 1631 1787 1704 elu-

404 1763 556 1853 boruuit,
582 1760 640 1834 sed
663 1761 767 1833 coluit
788 1761 887 1833 etiam
912 1761 1052 1832 alterum
1073 1761 1178 1853 illud,
1204 1759 1239 1832 in
1261 1785 1326 1857 qno
1345 1768 1444 1834 autea
1462 1759 1605 1834 uidimus
1620 1760 1785 1861 Gorgiam

403 1893 610 1968 Leontinum
628 1892 835 1989 potissimum
854 1891 973 1964 ducem
989 1899 1024 1966 et
1039 1892 1293 1990 antesignanum
1309 1892 1476 1966 extitisse.
1529 1890 1676 1989 Scripsit
1698 1894 1787 1968 enim
1924 1889 1925 1942 l

403 2023 530 2124 λόγους
543 2019 802 2116 ἐπιδεικτικούς
819 2034 854 2096 tl
868 2026 1146 2127 πανηγυρικούς,
1173 2032 1210 2097 ut
1223 2033 1276 2100 est
1291 2025 1379 2122 apud
1391 2024 1571 2122 Dionys.
1587 2024 1682 2098 Hal.
1698 2023 1786 2124 Lys.
1924 2005 1925 2042 ³

404 2165 441 2252 3,
468 2164 528 2232 16.
553 2161 615 2231 28.
642 2153 813 2255 ἐγκώμια,
845 2166 933 2231 teste
961 2158 1129 2232 Plotio.
1155 2157 1248 2231 Bilrl.
1276 2154 1363 2229 Ccd.
1386 2159 1478 2246 262.
1508 2180 1544 2252 p.
1570 2159 1660 2230 488.
1688 2158 1722 2231 b.
1751 2167 1787 2233 et

403 2289 557 2381 Suida3
583 2313 683 2386 porro
704 2287 831 2386 λόγους
843 2293 1079 2393 ἐπιταφίους,
1106 2314 1189 2388 quos
1205 2295 1390 2361 memorant
1404 2287 1582 2385 Dionys.
1594 2289 1699 2363 eret.
1716 2288 1786 2366 Vl.

403 2435 438 2502 et
451 2423 674 2498 Plutarch.
691 2421 768 2497 Vit.
784 2423 835 2496 X.
854 2421 970 2497 Oratt.
983 2423 1167 2496 Plotius
1186 2422 1212 2495 l.
1228 2445 1260 2495 o.
1278 2417 1408 2516 λόγους
1428 2417 1624 2523 ἐρωτικούς,
1640 2421 1784 2520 itemque

402 2551 595 2647 ἐπιστολὰς
609 2559 788 2656 ἐρωτικοῖς,
813 2562 851 2627 ut
863 2556 1013 2628 celarunt
1028 2553 1188 2628 Suidas
1202 2555 1227 2626 l.
1244 2577 1274 2626 c.
1289 2553 1488 2628 Hermiae
1505 2577 1539 2650 p.
1555 2555 1618 2628 77.
1634 2553 1688 2627 ed.
1703 2555 1785 2630 Ast.

402 2691 592 2766 Plotius
613 2710 648 2784 p.
668 2687 756 2756 488.
779 2687 834 2758 ed.
856 2685 1006 2762 Belkcr.
1059 2683 1108 2757 Et
1129 2686 1281 2780 epistolis
1302 2687 1434 2782 quidem
1461 2685 1631 2769 amatoriis
1651 2685 1787 2762 fuerunt

403 2847 509 2921 nuper
531 2821 588 2920 qui
611 2841 685 2892 cum
702 2813 879 2890 Hermia
896 2821 1082 2888 statuerent
1097 2815 1197 2888 etiam
1214 2815 1545 2892 declamatiunculam
1560 2817 1649 2915 apud
1664 2817 1785 2896 Plato·

403 2981 477 3030 nem
496 2979 527 3050 p.
542 2955 629 3024 231.
647 2947 848 3020 ruff-aas.
864 2947 907 3021 G.
925 2947 1052 3044 Lysiae
1074 2947 1231 3020 tributum
1253 2949 1464 3021 annumerari
1486 2957 1660 3046 oportere,
1686 2974 1785 3049 quum

339 3161 344 3168 .
404 3085 603 3163 sententiam
616 3081 768 3177 inprimis
782 3077 929 3154 delendit
948 3077 1080 3152 Leon.
1104 3075 1295 3175 Spengel
1322 3075 1542 3175 Synog.Art.
1556 3103 1591 3174 p.
1609 3082 1693 3150 126.
1708 3103 1784 3176 sopp.

403 3220 460 3294 De
485 3241 550 3313 quo
574 3223 688 3287 tamen
708 3213 803 3284 uobis
826 3213 925 3308 longe
944 3211 1075 3283 uidetur
1095 3211 1206 3290 aliter.
1256 3208 1345 3286 Nam
1364 3233 1464 3306 quum
1482 3231 1567 3303 qnae
1585 3207 1705 3282 deiude
1724 3233 1785 3282 se·

405 3355 555 3450 quantur
567 3343 721 3418 Socratis
740 3343 997 3416 declamationes
1015 3365 1130 3416 reuera
1149 3340 1315 3417 orationes
1331 3341 1417 3432 sint,
1443 3361 1486 3410 nc
1503 3334 1629 3434 Lysiae
1649 3340 1783 3436 quidem

369 3477 375 3486 ⁴
405 3478 603 3556 declamatio
620 3476 685 3549 alio
702 3477 833 3548 nominc
850 3475 1060 3572 insignienda
1076 3473 1217 3547 ridetur.
1268 3472 1400 3566 Quippe
1418 3470 1587 3545 orationes
1604 3473 1785 3548 conuenie-

403 3605 601 3708 lrat'opponi
619 3608 783 3701 orationi,
810 3631 874 3681 non
890 3607 1064 3704 epistolae.
1106 3603 1186 3675 Etsi
1200 3602 1302 3698 igitur
1315 3601 1441 3698 Lysiae
1455 3603 1564 3677 orado
1575 3603 1677 3677 habet
1689 3605 1787 3703 pueri»
1921 3691 1922 3701 y

400 3735 508 3820 'amati
526 3740 805 3838 alloquntiouem,
829 3745 939 3813 tamen
953 3738 1006 3810 uel
1018 3738 1070 3808 sio
1084 3735 1124 3806 ud
1140 3733 1388 3805 siruilitudinem
1404 3736 1474 3811 τῶν
1488 3736 1660 3837 ἐρωτικῶν
1671 3733 1784 3835 λόγων

405 3877 539 3952 uidetur
560 3872 752 3968 comparata
772 3875 862 3945 esse.
918 3868 1008 3943 Nam
1031 3866 1206 3963 quominus
1226 3867 1401 3940 credamus
1420 3891 1492 3941 eam
1515 3870 1558 3941 alr
1579 3869 1653 3965 ipso
1674 3868 1783 3966 Lysia

405 4010 590 4109 prolectam
611 4029 685 4077 esse
705 4027 769 4076 nec
791 4003 902 4100 potius
923 4025 944 4073 a
963 3999 1108 4072 Platone
1129 4021 1190 4096 per
1208 3998 1429 4072 imitationem
1450 4001 1666 4097 compositam
1686 4002 1783 4100 eique
1920 4057 1921 4062 ,

404 4167 467 4242 per
492 4138 638 4238 speciem
661 4133 886 4208 similitudinis
911 4133 1123 4225 attributam,
1149 4131 1254 4204 multa
1275 4155 1356 4206 sano
1378 4139 1457 4207 sunt
1480 4155 1565 4230 quse
1586 4131 1783 4230 impediunt.

404 4275 537 4348 Verum
551 4269 793 4368 istudquidem
807 4289 896 4340 nuno
910 4267 946 4340 in
958 4264 1069 4366 'medic
1085 4264 1328 4362 relinqusmnsy
1354 4265 1502 4342 dicemus
1517 4263 1607 4339 enim
1627 4264 1669 4339 de
1680 4287 1729 4340 ea
1745 4287 1782 4342 re
