3874 5010
614 317 1095 395 ..Qu-„-

156 540 197 614 de
216 537 318 611 meris
332 531 453 606 mortis
470 530 659 605 notiooihus
680 556 743 606 nec
760 555 838 607 uero
857 531 899 606 ds
914 531 999 607 ideis
1014 533 1148 629 agitur,
1174 535 1289 631 quales
1307 533 1536 636 philosophus,

155 672 213 746 uhi
228 669 271 744 sd
290 689 454 742 summum
471 671 707 761 penetrauerat
723 665 908 763 sapientiae
922 665 1092 764 fastigium
1101 719 1115 762 ,
1136 667 1336 742 informasse
1354 670 1534 767 reperitur,

154 811 193 878 nt
209 801 361 902 proiecto
383 799 461 870 hinc
484 797 686 892 suspiceris,
706 823 773 872 non
793 798 1005 892 Phaedrum,
1032 800 1091 874 sed
1113 801 1237 874 alteros
1262 800 1339 874 illos
1361 826 1534 878 sermones

153 934 318 1010 iuuentuti
346 931 400 1004 uel
428 930 675 1004 adolescentiae
706 931 894 1028 philosophi
925 932 1161 1006 adscrihendos
1191 955 1280 1006 esse.
1341 933 1535 1010 Dialectioa

151 1093 250 1169 porro
266 1067 301 1140 in
320 1089 381 1156 so,
408 1063 449 1136 de
468 1086 533 1159 quo
551 1057 771 1158 disputamus,
795 1063 928 1161 dialogo
951 1065 1065 1161 utique
1087 1064 1188 1136 altius
1212 1064 1366 1160 quiddam
1389 1074 1535 1161 spectat.

151 1201 311 1277 Refertur
326 1197 413 1270 enim
431 1219 497 1268 nou
518 1201 643 1268 tantum
661 1196 703 1269 ad
719 1196 887 1269 rimandas
902 1221 1093 1272 communes
1110 1197 1232 1269 mentis
1247 1195 1398 1290 notitias,
1420 1221 1535 1272 rerum

149 1327 393 1406 traduciturad
409 1328 516 1424 ipsam
539 1327 603 1400 mro
622 1334 841 1424 naturamque
859 1353 970 1406 rerum
992 1329 1228 1427 sempiternam
1251 1336 1287 1402 et
1310 1336 1532 1425 constantem,

148 1466 289 1561 ideoque
311 1467 479 1558 tamquam
500 1459 606 1532 omnis
627 1483 736 1534 rerum
760 1459 796 1532 iu
818 1485 856 1532 se
879 1469 1105 1558 spectatarum
1127 1461 1327 1559 cognitionis
1350 1485 1473 1558 pareus
1493 1485 1534 1536 ac

148 1595 310 1693 magistro
327 1591 558 1690 praedicatur,
583 1593 656 1664 sine
680 1591 774 1666 cuins
798 1617 860 1690 ope
882 1601 918 1667 et
939 1593 1064 1666 auxilio
1086 1592 1160 1666 lieri
1179 1595 1271 1667 nullu
1294 1593 1390 1666 modo
1414 1595 1533 1689 possit,

147 1736 186 1801 ut
200 1727 290 1820 ueri,
318 1726 396 1797 honi
415 1731 450 1796 ct
467 1723 598 1798 honesti
614 1747 676 1820 per
696 1749 733 1796 55
753 1727 896 1821 spectati
912 1725 1085 1824 scientiam
1103 1725 1338 1822 adipiscamur.
1388 1725 1445 1799 De
1468 1751 1534 1823 qua

145 1883 183 1934 rc
199 1859 285 1958 quae
300 1881 334 1955 p.
350 1860 437 1930 249.
451 1855 494 1926 Β.
508 1855 551 1927 G.
565 1857 614 1930 Ι).
639 1855 726 1928 265.
743 1857 792 1929 D.
806 1855 853 1930 E.
880 1861 967 1932 266.
980 1859 1029 1933 Α.
1044 1859 1089 1933 Β.
1116 1861 1204 1933 276.
1219 1856 1267 1930 Α.
1283 1881 1356 1953 sqq.
1382 1859 1469 1932 277.
1483 1857 1530 1932 Β.

147 1991 369 2080 disseruntur,
384 2012 424 2060 ea
440 1987 843 2084 planissimecouueniunt
853 2013 927 2062 cum
941 1988 998 2084 iis,
1015 2015 1100 2089 quae
1113 1991 1147 2063 iu
1162 1988 1332 2088 perlectae
1346 1988 1528 2086 sapientiae

145 2120 344 2196 Platonicae
358 2120 595 2214 monumentis,
610 2119 744 2194 Phileh.
755 2147 789 2220 p.
800 2119 917 2197 rell.
926 2148 1000 2220 sqq.
1024 2123 1142 2198 57.E.
1152 2148 1226 2220 sqq.
1247 2121 1385 2194 Politic.
1394 2145 1429 2218 p.
1440 2122 1528 2195 285.

144 2254 194 2329 A.
210 2279 284 2352 sqq.
313 2253 460 2328 Theaet.
475 2278 511 2350 p.
529 2256 614 2328 167.
628 2252 675 2329 Ε.
703 2259 789 2330 176.
806 2253 849 2328 G.
869 2252 1023 2352 Sophist.
1039 2281 1074 2353 p.
1095 2257 1183 2330 253.
1202 2252 1347 2326 Β-Ε.
1377 2252 1530 2326 2561).

144 2411 219 2484 sqq.
241 2384 298 2458 Dc
312 2386 404 2483 Rep.
414 2385 484 2459 VI.
499 2409 535 2482 p.
553 2387 640 2460 511.
653 2387 701 2460 A,
713 2391 792 2484 ¹sqq.
814 2385 903 2460 VII.
916 2412 951 2484 p.
967 2388 1054 2462 532.
1067 2391 1116 2461 Α.
1132 2411 1207 2483 sqq.
1231 2385 1318 2456 533.
1333 2384 1365 2454 Β
1379 2408 1453 2480 sqq.
1470 2407 1531 2457 ex·

143 2520 253 2616 posita
271 2519 443 2615 leguntur.
490 2518 621 2591 Horum
637 2541 717 2590 uero
738 2519 820 2590 nihil
842 2518 1020 2616 quidquam
1042 2517 1193 2615 reperias
1210 2495 1249 2588 in
1268 2515 1336 2590 illis
1357 2515 1528 2612 operibus,
1574 2493 1600 2538 ⁰·

58 2694 61 2700 ·
141 2653 230 2751 qnae
241 2650 397 2724 Phaedro
419 2651 605 2747 argumenti
623 2649 719 2748 copia
735 2655 771 2722 et
785 2651 938 2724 nhertate
953 2652 1092 2725 multum
1111 2649 1295 2726 concedere
1318 2655 1419 2720 antea
1436 2647 1529 2721 iudi·

143 2784 305 2856 cauimus.
356 2781 538 2857 Enimvero
559 2783 596 2856 in
618 2783 690 2876 his,
711 2781 842 2880 siquid
864 2783 1013 2858 indicare
1031 2808 1228 2881 55556665,
1256 2804 1325 2854 665
1340 2780 1530 2854 dominator

144 2909 787 3010 6515565585555655.5656161655
810 2910 974 2986 uersatam
1003 2917 1078 2985 esse
1101 2920 1233 2986 constat
1252 2914 1288 2981 in
1313 2911 1529 3004 explorandis

141 3045 265 3120 mentis
281 3043 471 3118 notionibus
487 3051 595 3140 'atque
620 3043 656 3116 id
677 3043 784 3115 solum
809 3043 1035 3138 spectavisse,
1058 3051 1096 3138 ut
1114 3041 1255 3138 siugulis
1278 3040 1378 3114 rehus
1399 3044 1527 3117 rectius

142 3177 375 3255 discernendis
398 3183 499 3274 atque
518 3173 752 3248 diiudicandis
783 3174 872 3247 uitae
900 3176 976 3246 usui
1007 3175 1259 3270 officiorumque
1294 3173 1528 3248 exercitationi

143 3313 393 3404 consuleretur,
427 3309 461 3384 id
485 3309 573 3408 qnod
599 3315 701 3382 acute.
718 3307 947 3380 iudicauerunt
965 3307 1163 3405 Xenoph.
1188 3305 1294 3379 Mem.
1318 3305 1387 3380 IV.
1412 3311 1456 3402 6,
1492 3317 1527 3383 l.
1571 3351 1572 3354 π

141 3441 212 3516 IV.
229 3441 266 3535 5,
292 3447 354 3514 ll.
385 3442 573 3516 Aristot.
590 3441 744 3538 Metaph.
761 3439 793 3512 Ι.
814 3463 850 3536 p.
868 3442 928 3513 26.
962 3439 1144 3535 Diogen.
1166 3433 1315 3510 Laeuo.
1332 3436 1441 3513 VIII.
1462 3445 1528 3516 48.

143 3573 242 3667 Quae
262 3574 405 3647 sirecte
425 3573 738 3666 animadvertimus,
764 3573 842 3647 hinc
858 3595 989 3670 quoque
1008 3571 1087 3668 quid
1109 3577 1352 3667 consequatur,
1378 3573 1530 3647 omnihus

140 3710 294 3802 apertum
320 3709 398 3779 'esse
429 3706 539 3780 dehet.
590 3704 664 3778 lem
689 3730 767 3780 uero
791 3704 891 3779 etiam
920 3705 961 3778 de
989 3709 1108 3778 natura
1135 3702 1237 3774 animi
1268 3703 1406 3800 eiusque
1428 3705 1529 3780 uariis

140 3837 381 3930 facultatibus,
413 3837 455 3912 de
478 3839 551 3912 eins
580 3837 852 3930 immortalitate,
886 3838 928 3910 de
961 3843 1118 3912 aetemme
1135 3834 1300 3907 ueritatis
1328 3835 1469 3909 scientia
1495 3847 1530 3910 et

142 3972 359 4069 cognitione,
381 3969 422 4044 de
438 3969 646 4068 philosophia
666 3969 764 4042 unice
781 3978 876 4042 recta
896 3976 1090 4066 etquenam
1107 3965 1227 4040 ortium
1250 3964 1430 4060 magistra,
1452 3965 1528 4038 aliis

142 4106 307 4182 similibus
325 4105 445 4197 rohos,
471 4127 556 4198 quae
570 4101 842 4199 praecipiuntur,
868 4124 911 4174 ea
924 4102 1008 4174 satis
1021 4105 1185 4196 arguunt,
1212 4103 1371 4193 quantum
1389 4095 1530 4191 sapien·

141 4221 211 4314 tiae
239 4239 336 4338 copia
360 4243 394 4312 'et
418 4234 605 4310 'suhlimitas
628 4233 664 4306 in
684 4231 840 4306 Phaedro
863 4239 1039 4330 expromta
1063 4229 1241 4304 antecellet
1268 4228 1418 4323 illorum,
1446 4251 1529 4325 quos
1576 4256 1580 4265 ·

1073 4357 1105 4428 B
